2017-07-30T04:11:17.217000Z,2699.0,57.61510435999999,142.76144962
2017-07-30T04:11:21.680000Z,2701.21,56.03750157999999,135.1599137
2017-07-30T04:11:30.261000Z,2697.81,57.13040157999998,139.78703344000002
2017-07-30T04:11:30.261000Z,2697.81,54.999580899999984,132.68752141000002
2017-07-30T04:11:52.897000Z,2700.95,52.76051248999998,138.32612141
2017-07-30T04:12:04.649000Z,2700.95,52.627791639999984,81.51019976
2017-07-30T04:12:17.852000Z,2703.35,57.994515329999984,49.12824826999999
2017-07-30T04:12:24.406000Z,2700.15,57.46901532999997,134.89460167
2017-07-30T04:12:24.406000Z,2700.15,58.67461532999997,136.66876716
2017-07-30T04:12:39.213000Z,2701.2,56.009815329999974,134.21630167
2017-07-30T04:12:39.213000Z,2701.2,53.89561532999998,137.04006536
2017-07-30T04:13:02.650000Z,2702.2,54.892936899999974,84.26453941
2017-07-30T04:13:02.650000Z,2702.2,54.27971532999998,47.22531737
2017-07-30T04:13:02.650000Z,2702.2,64.09560513999998,46.60020247999999
2017-07-30T04:13:28.878000Z,2703.03,58.57755046999998,46.67708264
2017-07-30T04:13:28.878000Z,2703.03,68.11135318000002,129.60445967
2017-07-30T04:13:53.197000Z,2703.03,62.802582469999976,49.99110248
2017-07-30T04:14:00.074000Z,2703.03,58.89159646999998,46.51718264
2017-07-30T04:14:00.074000Z,2703.03,59.06389646999998,45.50298264
2017-07-30T04:14:00.074000Z,2703.03,61.460353179999984,45.53719613
2017-07-30T04:14:31.278000Z,2703.02,62.03445317999998,45.116508859999996
2017-07-30T04:14:31.278000Z,2703.02,58.331296469999984,46.410508859999986
2017-07-30T04:14:31.278000Z,2703.02,62.988361329999975,133.68987002
2017-07-30T04:15:02.489000Z,2704.16,59.97754699999997,48.46680886
2017-07-30T04:15:02.489000Z,2704.16,59.43374699999998,48.12628175
2017-07-30T04:15:22.730000Z,2703.03,59.027413429999974,52.853181750000005
2017-07-30T04:15:33.694000Z,2701.22,53.03761532999998,140.57927763
2017-07-30T04:15:45.326000Z,2701.28,49.36631811,85.80275598000001
2017-07-30T04:15:52.225000Z,2701.28,45.387210630000006,148.13884963
2017-07-30T04:16:05.516000Z,2702.97,45.17993267,141.32214962999998
2017-07-30T04:16:15.246000Z,2702.98,54.292801749999995,87.44372797999998
2017-07-30T04:16:26.040000Z,2703.86,53.96351532999999,84.14502797999998
2017-07-30T04:16:36.398000Z,2703.87,57.08955281999999,49.29982463999998
2017-07-30T04:16:36.398000Z,2703.87,58.53161532999999,49.611744479999984
2017-07-30T04:16:36.398000Z,2703.87,57.079552819999996,51.08501316999999
2017-07-30T04:16:36.398000Z,2703.87,53.548493519999994,51.87042463999999
2017-07-30T04:17:07.440000Z,2703.87,55.663828949999996,50.803813169999984
2017-07-30T04:17:07.440000Z,2703.87,57.03505281999999,53.77579227999998
2017-07-30T04:17:07.440000Z,2703.87,55.29626432999999,81.11142758999998
2017-07-30T04:17:38.443000Z,2703.86,56.66189050999999,82.61652758999998
2017-07-30T04:17:38.443000Z,2703.86,56.554972039999996,84.48412758999999
2017-07-30T04:17:38.443000Z,2703.86,53.28737503999999,53.570312119999976
2017-07-30T04:18:09.943000Z,2701.32,47.16051811,83.48477988999998
2017-07-30T04:18:09.943000Z,2701.32,54.38882509999999,138.28440154
2017-07-30T04:18:09.943000Z,2701.32,57.66197203999999,87.25327988999997
2017-07-30T04:18:40.855000Z,2703.65,55.922517329999984,53.08464447999997
2017-07-30T04:18:40.855000Z,2703.65,48.23509453999999,82.87385188999998
2017-07-30T04:18:58.032000Z,2703.85,50.788746589999995,51.37213404999999
2017-07-30T04:19:12.075000Z,2701.2,52.893415329999996,82.64275189
2017-07-30T04:19:12.075000Z,2701.2,53.43101811,83.58806786999999
2017-07-30T04:19:12.075000Z,2701.2,50.658994650000004,81.38030945
2017-07-30T04:19:43.270000Z,2703.87,59.52288299,49.95743490999998
2017-07-30T04:19:43.270000Z,2703.87,52.80011533,50.98987562999999
2017-07-30T04:19:43.270000Z,2703.87,54.788669330000005,51.11197562999999
2017-07-30T04:20:14.454000Z,2702.23,50.10869533,48.138611999999995
2017-07-30T04:20:21.322000Z,2704.65,53.80526042,48.297054299999985
2017-07-30T04:20:21.322000Z,2704.65,55.45175185,51.151689379999986
2017-07-30T04:20:45.430000Z,2703.26,51.245356300000005,50.33728937999998
2017-07-30T04:20:45.430000Z,2703.26,57.06822279,50.802989379999985
2017-07-30T04:21:06.198000Z,2703.26,55.00238049000001,57.27715429999998
2017-07-30T04:21:16.536000Z,2703.56,51.46843966,54.82584707999998
2017-07-30T04:21:22.221000Z,2703.38,60.30113754,84.97356949999997
2017-07-30T04:21:36.144000Z,2703.24,52.7524133,47.63678937999999
2017-07-30T04:21:40.219000Z,2703.24,51.49057866,79.92240646999998
2017-07-30T04:21:47.806000Z,2701.27,48.41491766,58.79813332999998
2017-07-30T04:21:47.806000Z,2701.27,52.94661766000001,89.82846751999998
2017-07-30T04:21:47.806000Z,2701.27,49.51351766,56.92045058999997
2017-07-30T04:22:22.173000Z,2704.59,54.91037339000001,44.58807562999999
2017-07-30T04:22:22.173000Z,2704.59,50.140223660000004,56.14310451999998
2017-07-30T04:22:22.173000Z,2704.59,49.64181766000001,49.63693862999999
2017-07-30T04:22:50.601000Z,2704.68,50.82389566,51.963238629999985
2017-07-30T04:22:50.601000Z,2704.68,48.60839166,56.39863862999999
2017-07-30T04:22:50.601000Z,2704.68,51.139489329999996,51.31989632999998
2017-07-30T04:23:22.184000Z,2703.42,45.22554819999999,50.99501070999999
2017-07-30T04:23:22.184000Z,2703.42,55.8390812,50.127410709999985
2017-07-30T04:23:22.184000Z,2703.42,52.136554329999996,56.16766840999998
2017-07-30T04:23:52.983000Z,2703.44,56.073852329999994,52.63743332999998
2017-07-30T04:24:06.167000Z,2704.65,49.17114166999999,51.94713332999998
2017-07-30T04:24:15.523000Z,2705.19,101.20056594000008,51.29043332999998
2017-07-30T04:24:24.806000Z,2705.19,97.83229486000008,57.61695894999998
2017-07-30T04:24:35.100000Z,2704.66,95.71272183000008,54.95680388999998
2017-07-30T04:24:37.198000Z,2705.19,94.42897095000006,53.70568605999997
2017-07-30T04:24:56.351000Z,2705.2,93.94249561000008,50.86537562999999
2017-07-30T04:24:56.351000Z,2705.2,92.87629561000008,86.71800254999998
2017-07-30T04:25:08.360000Z,2704.22,98.29486164000006,52.66125203999999
2017-07-30T04:25:17.687000Z,2705.19,102.38811823000005,52.105785629999986
2017-07-30T04:25:27.259000Z,2703.17,102.20428426000007,90.96264949999998
2017-07-30T04:25:27.259000Z,2703.17,103.56274039000004,89.51539015999998
2017-07-30T04:25:27.259000Z,2703.17,83.66006252000004,85.16679061999999
2017-07-30T04:26:03.031000Z,2704.36,88.87605073000006,55.08477332999998
2017-07-30T04:26:16.396000Z,2705.19,89.80403513000005,55.85837563
2017-07-30T04:26:21.548000Z,2705.19,94.52646895000004,57.82527044999999
2017-07-30T04:26:29.727000Z,2704.73,89.71406895000004,56.655412749999996
2017-07-30T04:26:43.335000Z,2705.19,88.37150996000004,58.935770449999985
2017-07-30T04:26:43.335000Z,2705.19,86.01007599000003,60.72582317999998
2017-07-30T04:27:00.740000Z,2704.73,88.49150996000003,63.30177044999999
2017-07-30T04:27:00.740000Z,2704.73,90.22007599000004,60.96022129999999
2017-07-30T04:27:21.739000Z,2705.19,88.32866296000005,57.343712749999995
2017-07-30T04:27:31.934000Z,2705.19,85.39442899000005,90.57719370999999
2017-07-30T04:27:31.934000Z,2705.19,89.97988512000005,57.638212749999994
2017-07-30T04:27:48.219000Z,2705.19,88.03475296000005,90.37536963
2017-07-30T04:28:03.340000Z,2705.19,86.69274396000006,53.74431274999999
2017-07-30T04:28:03.340000Z,2705.19,86.59330999000007,60.368925359999984
2017-07-30T04:28:03.340000Z,2705.19,86.70530999000006,58.17564203999999
2017-07-30T04:28:34.467000Z,2705.19,85.75340999000007,53.07324204
2017-07-30T04:28:34.467000Z,2705.19,82.25140999000006,55.41254204
2017-07-30T04:28:53.395000Z,2705.19,80.82890832000007,60.14714204
2017-07-30T04:29:05.741000Z,2705.01,81.40966445000005,57.12574817999999
2017-07-30T04:29:05.741000Z,2705.01,81.49320832000005,56.94426118999999
2017-07-30T04:29:05.741000Z,2705.01,39.32520645,56.756461189999996
2017-07-30T04:29:05.741000Z,2705.01,43.45421102,59.67686118999999
2017-07-30T04:29:39.263000Z,2703.23,44.01256349,99.00531880999998
2017-07-30T04:29:39.263000Z,2703.23,37.67793239000001,94.92730837999999
2017-07-30T04:29:39.263000Z,2703.23,33.37180539,96.36373719
2017-07-30T04:30:09.151000Z,2703.23,42.19296396,104.27730247000001
2017-07-30T04:30:09.151000Z,2703.23,37.455663959999995,97.95330246999997
2017-07-30T04:30:36.019000Z,2703.23,38.622207020000005,92.69621489999999
2017-07-30T04:30:40.468000Z,2703.23,35.69291268,67.32837608
2017-07-30T04:30:56.798000Z,2703.23,32.655824450000004,60.222060459999994
2017-07-30T04:31:06.267000Z,2703.75,31.849383099999997,54.418350459999985
2017-07-30T04:31:13.754000Z,2703.75,32.23168245,66.91547608
2017-07-30T04:31:13.754000Z,2703.75,32.84891244999999,96.97134263999999
2017-07-30T04:31:27.219000Z,2704.12,34.6964355,100.65285566
2017-07-30T04:31:42.494000Z,2705.17,33.08667937,90.05769293000002
2017-07-30T04:31:52.156000Z,2704.37,29.82480455,96.03715063
2017-07-30T04:31:52.156000Z,2704.37,24.25458669,63.578810109999985
2017-07-30T04:32:13.494000Z,2704.51,25.427562149999996,70.04681011000001
2017-07-30T04:32:13.494000Z,2704.51,27.86058669,67.44344299999999
2017-07-30T04:32:13.494000Z,2704.51,30.98603192,96.17264631
2017-07-30T04:32:44.304000Z,2704.78,35.757028399999996,62.387852409999994
2017-07-30T04:32:47.923000Z,2704.78,32.02148831,86.27894631
2017-07-30T04:33:00.430000Z,2704.87,31.09651604,89.54964631
2017-07-30T04:33:15.519000Z,2705.14,35.06479393,54.10428758999999
2017-07-30T04:33:15.519000Z,2705.14,35.16135286,52.22128758999999
2017-07-30T04:33:35.745000Z,2705.14,35.42860094,57.83848759
2017-07-30T04:33:46.667000Z,2704.15,32.72088694,89.59802569
2017-07-30T04:33:46.667000Z,2704.15,33.73818481,84.95052281000001
2017-07-30T04:33:46.667000Z,2704.15,30.722305859999995,90.83141773999999
2017-07-30T04:33:46.667000Z,2704.15,34.67151994,87.94511774000001
2017-07-30T04:34:18.154000Z,2703.22,30.637651859999995,93.30564631000001
2017-07-30T04:34:29.247000Z,2703.63,30.32313694,93.36406088000003
2017-07-30T04:34:29.247000Z,2703.63,31.598836939999998,93.89234631000004
2017-07-30T04:34:55.317000Z,2705.01,35.887593360000004,98.14104417000001
2017-07-30T04:34:55.317000Z,2705.01,32.40046236,93.98603203000003
2017-07-30T04:34:55.317000Z,2705.01,31.88159336,93.0545735
2017-07-30T04:35:20.610000Z,2705.01,34.20325003999999,94.74933203000002
2017-07-30T04:35:20.610000Z,2705.01,34.891387040000005,89.61157488000002
2017-07-30T04:35:20.610000Z,2705.01,30.01572212,90.26105437000002
2017-07-30T04:35:52.055000Z,2705.01,37.28174099,90.28034631000003
2017-07-30T04:35:52.055000Z,2705.01,32.64714205999999,61.32401791
2017-07-30T04:35:52.055000Z,2705.01,33.53238704000001,93.72933774000002
2017-07-30T04:36:23.187000Z,2703.54,34.25226599,93.09065732000002
2017-07-30T04:36:32.117000Z,2705.01,33.307151860000005,61.66183383999999
2017-07-30T04:36:32.117000Z,2705.01,36.99723286,58.397133839999995
2017-07-30T04:36:54.445000Z,2704.96,32.45748694,85.44836554
2017-07-30T04:36:54.445000Z,2704.96,30.27394991,85.46696553999999
2017-07-30T04:36:54.445000Z,2704.96,35.28194991,57.590433839999996
2017-07-30T04:37:25.698000Z,2703.81,34.86361483,56.449333839999994
2017-07-30T04:37:25.698000Z,2703.81,27.60100306,52.27483384
2017-07-30T04:37:25.698000Z,2703.81,31.67631483,85.28786554
2017-07-30T04:37:56.912000Z,2704.42,35.69701483,54.76373384000001
2017-07-30T04:37:56.912000Z,2704.42,36.68312923,96.41634490000001
2017-07-30T04:38:08.016000Z,2703.56,31.53254991,85.1780449
2017-07-30T04:38:08.016000Z,2703.56,39.019714830000005,90.3347449
2017-07-30T04:38:28.287000Z,2704.69,36.45261483000001,86.43503713999999
2017-07-30T04:38:28.287000Z,2704.69,36.608267010000006,89.03293714000003
2017-07-30T04:38:28.287000Z,2704.69,38.12370404,56.229133839999996
2017-07-30T04:38:59.273000Z,2703.22,39.539242009999995,84.25353713999999
2017-07-30T04:39:13.209000Z,2703.25,34.05114201000001,90.99606631000002
2017-07-30T04:39:13.209000Z,2703.25,33.846004980000004,89.48150874000001
2017-07-30T04:39:30.262000Z,2702.94,38.34400498,97.70060874000002
2017-07-30T04:39:30.262000Z,2702.94,33.50200498,94.01551083
2017-07-30T04:39:30.262000Z,2702.94,33.755467010000004,88.99245313
2017-07-30T04:40:01.566000Z,2703.59,38.93726701000001,96.52270462000003
2017-07-30T04:40:01.566000Z,2703.59,33.93946701000001,91.27029674000002
2017-07-30T04:40:01.566000Z,2703.59,33.739667010000005,91.76450226000001
2017-07-30T04:40:34.577000Z,2705.0,32.51653193,84.41275276
2017-07-30T04:40:34.577000Z,2705.0,37.138731930000006,88.09961102
2017-07-30T04:40:34.577000Z,2705.0,32.976479610000005,92.86181102000003
2017-07-30T04:41:04.057000Z,2703.42,38.59383471,95.92975388000002
2017-07-30T04:41:11.336000Z,2704.82,32.32536701000001,86.09445388
2017-07-30T04:41:11.336000Z,2704.82,32.24846701,92.38245388
2017-07-30T04:41:35.082000Z,2704.01,32.166181380000005,90.29383312000003
2017-07-30T04:41:35.082000Z,2704.01,31.32026428,92.91814312
2017-07-30T04:41:35.082000Z,2704.01,25.47328007000001,90.83011882999999
2017-07-30T04:42:06.511000Z,2705.02,32.36162394,93.87507947
2017-07-30T04:42:06.511000Z,2705.02,28.079580070000006,93.85185907
2017-07-30T04:42:06.511000Z,2705.02,30.216580070000006,87.05477947000001
2017-07-30T04:42:06.511000Z,2705.02,25.218619680000007,90.08882182
2017-07-30T04:42:37.904000Z,2704.79,25.091136080000002,94.38332182
2017-07-30T04:42:37.904000Z,2704.79,27.928936080000007,92.75402182
2017-07-30T04:42:58.316000Z,2705.11,27.364771930000003,96.85442727000002
2017-07-30T04:43:09.225000Z,2705.12,26.612471930000005,62.043374269999994
2017-07-30T04:43:20.922000Z,2705.12,32.36980332000001,97.00542238000001
2017-07-30T04:43:20.922000Z,2705.12,27.561853190000008,99.69012238000002
2017-07-30T04:43:40.434000Z,2703.74,22.82027976000001,101.05317648000002
2017-07-30T04:43:40.434000Z,2703.74,23.308004110000006,96.58084314000001
2017-07-30T04:43:40.434000Z,2703.74,33.41504486000001,100.94834314
2017-07-30T04:44:11.750000Z,2705.12,30.523142080000014,97.94684314000003
2017-07-30T04:44:11.750000Z,2705.12,28.243142080000002,101.64284314000001
2017-07-30T04:44:11.750000Z,2705.12,27.248830310000006,96.55684314000003
2017-07-30T04:44:42.857000Z,2705.12,26.575242080000013,98.69093347000002
2017-07-30T04:44:42.857000Z,2705.12,25.57524208000001,104.57684314000002
2017-07-30T04:44:42.857000Z,2705.12,23.01450159,97.18414314000002
2017-07-30T04:45:14.041000Z,2705.11,28.597140690000007,93.94534314000002
2017-07-30T04:45:21.413000Z,2705.12,32.62567225000001,94.02943347000001
2017-07-30T04:45:29.071000Z,2705.12,30.266072649999998,103.31944314000002
2017-07-30T04:45:46.846000Z,2707.31,77.13730673000002,99.74084314000001
2017-07-30T04:45:46.846000Z,2707.31,81.44730213000004,96.19564314
2017-07-30T04:45:46.846000Z,2707.31,72.20330213000003,91.94811851999998
2017-07-30T04:46:16.920000Z,2708.19,75.36840213000004,97.78210449
2017-07-30T04:46:16.920000Z,2708.19,78.76051071000003,92.79931412
2017-07-30T04:46:16.920000Z,2708.19,73.87091071000005,79.42777939999999
2017-07-30T04:46:16.920000Z,2708.19,73.96471071000005,79.1993794
2017-07-30T04:46:47.540000Z,2706.22,74.48476540000001,90.27369402000001
2017-07-30T04:47:05.108000Z,2708.11,74.31110927000003,45.95167273999999
2017-07-30T04:47:05.108000Z,2708.11,29.938692550000006,83.2082794
2017-07-30T04:47:18.565000Z,2708.19,36.19020033000002,91.57386453
2017-07-30T04:47:18.565000Z,2708.19,36.3284343,83.13523133999999
2017-07-30T04:47:41.022000Z,2707.21,35.9540343,91.72954485
2017-07-30T04:47:49.783000Z,2708.13,35.21311669,93.40575453000001
2017-07-30T04:47:49.783000Z,2708.13,40.75231669000001,45.043302389999994
2017-07-30T04:47:49.783000Z,2708.13,35.12701669,92.09069955999999
2017-07-30T04:48:20.891000Z,2708.13,36.93341668999999,48.13748274
2017-07-30T04:48:20.891000Z,2708.13,42.27091669,50.96071205
2017-07-30T04:48:20.891000Z,2708.13,36.394916689999995,45.8504697
2017-07-30T04:48:52.300000Z,2706.71,34.9928721,49.58066746
2017-07-30T04:48:52.300000Z,2706.71,35.81331668999999,46.28796746
2017-07-30T04:48:52.300000Z,2706.71,35.82741668999999,76.83929925
2017-07-30T04:49:23.525000Z,2708.06,28.02191669,78.88410989
2017-07-30T04:49:23.525000Z,2708.06,36.48451668999999,82.94324045000002
2017-07-30T04:49:41.494000Z,2707.81,36.27391668999999,82.42886089000001
2017-07-30T04:49:54.717000Z,2708.11,31.493238849999997,87.96551634000001
2017-07-30T04:49:54.717000Z,2708.11,36.224516689999994,82.99835235999998
2017-07-30T04:49:54.717000Z,2708.11,36.00551668999999,79.45835235999999
2017-07-30T04:50:25.914000Z,2708.1,37.09219924999999,79.38735236000002
2017-07-30T04:50:36.222000Z,2708.1,36.57136800999999,78.40659690000001
2017-07-30T04:50:46.462000Z,2708.09,33.05452694999999,66.55160038
2017-07-30T04:50:56.334000Z,2708.19,38.78407635,77.79738470000002
2017-07-30T04:51:03.566000Z,2708.07,39.02334284,61.134122250000004
2017-07-30T04:51:15.409000Z,2708.07,32.26940054000001,61.04112225
2017-07-30T04:51:19.805000Z,2708.07,38.79092019,78.8099763
2017-07-30T04:51:28.450000Z,2708.07,32.218798029999995,78.41159756
2017-07-30T04:51:43.172000Z,2708.07,38.69942021999999,82.26460756000002
2017-07-30T04:51:49.157000Z,2708.06,46.1906625,53.591491799999986
2017-07-30T04:51:59.965000Z,2708.06,38.655606369999994,49.71104233999999
2017-07-30T04:52:16.275000Z,2708.06,36.17321114,46.35004234
2017-07-30T04:52:26.768000Z,2708.06,39.606601999999995,82.74782431
2017-07-30T04:52:35.631000Z,2708.06,32.42641791,82.64875479999999
2017-07-30T04:52:47.019000Z,2708.04,42.40891877,78.87311627000001
2017-07-30T04:52:55.296000Z,2708.04,39.81060435,79.19817972
2017-07-30T04:53:02.182000Z,2708.04,37.87296699,99.78271982999999
2017-07-30T04:53:10.488000Z,2708.04,37.45055977,66.99022080000002
2017-07-30T04:53:25.642000Z,2708.04,34.78423233,78.50599721000002
2017-07-30T04:53:33.624000Z,2708.04,41.18185405,78.3009326
2017-07-30T04:53:44.303000Z,2708.04,38.311199769999995,61.47781285000001
2017-07-30T04:53:52.617000Z,2708.04,37.62036886999999,83.03241168
2017-07-30T04:54:06.041000Z,2708.03,35.54194541,81.83813260000002
2017-07-30T04:54:14.746000Z,2708.03,33.35187331999999,77.75674562000003
2017-07-30T04:54:18.311000Z,2708.02,36.34237332000001,84.99676417
2017-07-30T04:54:35.927000Z,2707.99,31.884531759999998,80.00836572000001
2017-07-30T04:54:44.762000Z,2707.79,33.33111719,80.27794478000003
2017-07-30T04:54:56.740000Z,2707.8,42.14208508,84.82097066000001
2017-07-30T04:55:03.405000Z,2707.72,35.4036144,80.07822541000002
2017-07-30T04:55:15.098000Z,2708.02,40.87862256,47.45892822999999
2017-07-30T04:55:26.437000Z,2708.01,39.87795674999999,46.242528230000005
2017-07-30T04:55:36.029000Z,2708.0,38.98772114999999,45.61082823
2017-07-30T04:55:45.652000Z,2708.02,39.96690321,48.76469048
2017-07-30T04:55:45.652000Z,2708.02,36.67733717999999,42.37850581
2017-07-30T04:55:45.652000Z,2708.02,42.535903209999994,46.35570581
2017-07-30T04:56:09.546000Z,2708.02,35.65232338999999,49.89940581
2017-07-30T04:56:09.546000Z,2708.02,33.04468941999999,46.250405810000004
2017-07-30T04:56:09.546000Z,2708.02,35.70232338999999,77.88529793000001
2017-07-30T04:56:40.580000Z,2706.21,40.261089420000005,80.01149792999999
2017-07-30T04:56:56.387000Z,2707.98,65.2820772,93.52968765
2017-07-30T04:57:04.664000Z,2707.99,65.29139681000001,46.18662823
2017-07-30T04:57:14.091000Z,2708.0,62.58509855,43.89802823
2017-07-30T04:57:14.091000Z,2708.0,68.67783129000001,52.44592823
2017-07-30T04:57:14.091000Z,2708.0,65.31783129000002,53.05192823
2017-07-30T04:57:43.077000Z,2704.23,62.875487420000006,87.98501633000002
2017-07-30T04:57:52.842000Z,2706.33,62.71558742,87.42937148000001
2017-07-30T04:57:52.842000Z,2706.33,67.15924492,83.37620171
2017-07-30T04:58:16.402000Z,2707.99,73.97924727000002,96.10480776000001
2017-07-30T04:58:16.402000Z,2707.99,66.35500340000002,89.26850934000001
2017-07-30T04:58:16.402000Z,2707.99,66.29500340000001,94.64070369000001
2017-07-30T04:58:16.402000Z,2707.99,76.98294214,49.619019179999995
2017-07-30T04:58:16.402000Z,2707.99,76.32224513999999,80.16663518000001
2017-07-30T04:58:16.402000Z,2707.99,77.38076430000002,46.92919284
2017-07-30T04:59:12.132000Z,2707.99,72.92030922000002,52.65082124
2017-07-30T04:59:17.267000Z,2707.99,71.47280922000002,80.03641477
2017-07-30T04:59:17.267000Z,2707.99,74.34980922000004,84.91211477
2017-07-30T04:59:40.222000Z,2707.98,69.58646766000003,89.44566302000001
2017-07-30T04:59:48.259000Z,2707.98,64.86366766000002,75.75085122000002
2017-07-30T04:59:59.335000Z,2707.98,64.95059815000002,73.68019205000002
2017-07-30T04:59:59.335000Z,2707.98,68.73348053000002,66.19819785000001
2017-07-30T05:00:19.358000Z,2707.99,67.98210617000002,42.007685400000014
2017-07-30T05:00:19.358000Z,2707.99,68.62520617000001,49.0365854
2017-07-30T05:00:19.358000Z,2707.99,74.95361376000004,58.82298535999998
2017-07-30T05:00:50.197000Z,2706.0,71.42089067000002,54.92643220999999
2017-07-30T05:00:50.197000Z,2706.0,76.40689067000002,60.00033220999998
2017-07-30T05:00:50.197000Z,2706.0,76.16053454000003,54.54553220999998
2017-07-30T05:01:21.444000Z,2706.06,71.38559067000001,55.37943220999998
2017-07-30T05:01:21.444000Z,2706.06,75.88199067000002,59.86273220999999
2017-07-30T05:01:21.444000Z,2706.06,75.25469067000003,92.41189246999998
2017-07-30T05:01:52.742000Z,2707.8,71.39738154000003,59.37277854999998
2017-07-30T05:02:05.479000Z,2707.99,74.25976227000002,60.69213285999998
2017-07-30T05:02:05.479000Z,2707.99,70.86976227000001,87.28593772
2017-07-30T05:02:23.890000Z,2705.01,70.54157140000002,96.66969527999998
2017-07-30T05:02:23.890000Z,2705.01,70.92241527,59.56155554999998
2017-07-30T05:02:43.045000Z,2707.99,67.77788773000002,59.931832209999975
2017-07-30T05:02:56.574000Z,2707.99,71.12197712000003,59.709732209999984
2017-07-30T05:02:56.574000Z,2707.99,66.14177749000001,60.09343768999997
2017-07-30T05:02:56.574000Z,2707.99,60.84356489,92.16830084
2017-07-30T05:03:26.424000Z,2707.99,69.57482745000002,91.56746146
2017-07-30T05:03:27.086000Z,2707.99,29.648520640000005,90.2487422
2017-07-30T05:03:27.086000Z,2707.99,38.87681764,87.19261694
2017-07-30T05:03:27.086000Z,2707.99,38.805383670000005,78.12120930999998
2017-07-30T05:03:58.381000Z,2707.95,40.26877476000001,51.574117589999986
2017-07-30T05:04:15.873000Z,2707.95,33.127869880000006,90.51297276
2017-07-30T05:04:23.585000Z,2702.97,36.34452352,55.99879466
2017-07-30T05:04:29.004000Z,2707.79,35.50687965,86.63136099000002
2017-07-30T05:04:29.004000Z,2707.79,35.76457965,55.37758620999999
2017-07-30T05:04:29.004000Z,2707.79,40.190179650000005,97.44786663
2017-07-30T05:05:03.754000Z,2707.96,39.68875083,94.93215364000001
2017-07-30T05:05:03.754000Z,2707.96,45.890530760000004,89.04044885
2017-07-30T05:05:20.583000Z,2706.99,49.96888689,95.65672099999999
2017-07-30T05:05:34.270000Z,2706.99,39.71754796999999,98.39478558999998
2017-07-30T05:05:42.781000Z,2708.2,62.524893279999986,94.25254683999998
2017-07-30T05:05:42.781000Z,2708.2,46.08068381999999,60.37215227999997
2017-07-30T05:06:05.856000Z,2708.99,64.26587826999999,56.341409089999985
2017-07-30T05:06:07.014000Z,2709.0,42.545771519999995,86.71241364999997
2017-07-30T05:06:22.136000Z,2709.25,58.72630918999999,58.17240908999999
2017-07-30T05:06:34.112000Z,2710.0,54.35300918999999,61.44450908999999
2017-07-30T05:06:41.234000Z,2711.19,94.69786547000001,49.70093709
2017-07-30T05:06:41.234000Z,2711.19,97.69416546999997,54.43280155999999
2017-07-30T05:07:05.710000Z,2710.17,100.00066546999997,48.26817207
2017-07-30T05:07:15.556000Z,2711.58,97.39879247999998,50.89343709
2017-07-30T05:07:15.556000Z,2711.58,97.44739455999998,55.56473709
2017-07-30T05:07:36.895000Z,2713.04,102.09879247999999,55.69303709
2017-07-30T05:07:36.895000Z,2713.04,96.78198757999999,60.04974361999999
2017-07-30T05:07:36.895000Z,2713.04,81.10308757999998,52.72563709
2017-07-30T05:07:36.895000Z,2713.04,80.34988757999999,58.3802884
2017-07-30T05:08:08.035000Z,2711.99,79.38628757999997,57.68343709
2017-07-30T05:08:08.035000Z,2711.99,72.45658757999998,61.614737089999984
2017-07-30T05:08:08.035000Z,2711.99,80.74138757999998,57.32713708999999
2017-07-30T05:08:40.949000Z,2712.0,82.70248757999998,50.27353709
2017-07-30T05:08:40.949000Z,2712.0,78.10738757999998,55.08793708999998
2017-07-30T05:08:40.949000Z,2712.0,84.96883236,57.16399656999999
2017-07-30T05:09:11.458000Z,2713.07,85.13313235999998,55.55809656999999
2017-07-30T05:09:11.458000Z,2713.07,89.88752758,56.098096569999996
2017-07-30T05:09:11.458000Z,2713.07,82.44918757999997,55.99109656999999
2017-07-30T05:09:42.685000Z,2713.19,84.88893236,54.58550656999999
2017-07-30T05:09:42.685000Z,2713.19,84.30028757999999,52.52492830999999
2017-07-30T05:09:42.685000Z,2713.19,82.45013235999998,51.39173708999999
2017-07-30T05:10:13.946000Z,2713.01,91.04164141999999,48.726167249999996
2017-07-30T05:10:13.946000Z,2713.01,92.89719841999998,46.40536724999998
2017-07-30T05:10:36.380000Z,2708.43,93.38154449999999,85.04662130999999
2017-07-30T05:10:45.421000Z,2706.24,46.60450792999999,48.83156670999999
2017-07-30T05:10:45.421000Z,2706.24,46.51452917999999,48.24056670999998
2017-07-30T05:11:05.135000Z,2708.57,64.12308044,49.996256709999976
2017-07-30T05:11:16.407000Z,2708.57,46.50172427,50.15995670999998
2017-07-30T05:11:18.606000Z,2708.58,59.206097329999984,46.490852459999985
2017-07-30T05:11:36.748000Z,2708.56,56.704646329999996,45.78267102999998
2017-07-30T05:11:36.748000Z,2708.56,57.51882206,37.94054208999999
2017-07-30T05:11:47.998000Z,2708.58,89.02252200999999,45.12085245999999
2017-07-30T05:12:04.932000Z,2708.58,40.15922542999998,45.25125245999999
2017-07-30T05:12:11.487000Z,2708.58,39.59001109999999,41.97074208999999
2017-07-30T05:12:19.174000Z,2708.28,42.38281109999999,42.40693783999999
2017-07-30T05:12:19.174000Z,2708.28,58.711780559999994,47.07323784
2017-07-30T05:12:46.851000Z,2709.99,40.42333471999999,42.81853783999999
2017-07-30T05:12:50.693000Z,2709.88,84.79304449,46.93283783999998
2017-07-30T05:12:50.693000Z,2709.88,58.107392539999985,34.05209534
2017-07-30T05:12:50.693000Z,2709.88,52.84748532,47.25175208999998
2017-07-30T05:13:22.188000Z,2709.93,53.75314054,45.50343783999999
2017-07-30T05:13:22.188000Z,2709.93,85.37584049,49.081437839999985
2017-07-30T05:13:22.188000Z,2709.93,57.617540539999986,45.97913783999999
2017-07-30T05:13:54.169000Z,2709.1,53.464174539999995,41.05555071999999
2017-07-30T05:13:54.169000Z,2709.1,55.217442729999995,43.13611421
2017-07-30T05:13:54.169000Z,2709.1,60.642894840000004,41.22123278
2017-07-30T05:14:24.032000Z,2708.48,56.243281789999976,32.26459959000001
2017-07-30T05:14:34.514000Z,2708.48,56.462196039999995,41.31351421
2017-07-30T05:14:43.346000Z,2708.49,39.44116671,33.52949959000001
2017-07-30T05:14:55.018000Z,2708.49,56.078650819999986,32.778799590000006
2017-07-30T05:14:55.018000Z,2708.49,51.750456820000004,31.794799590000004
2017-07-30T05:14:55.018000Z,2708.49,54.97153282,32.36605801
2017-07-30T05:15:26.134000Z,2707.26,39.70355052999999,41.22577263
2017-07-30T05:15:26.134000Z,2707.26,33.35801882,41.25397263
2017-07-30T05:15:38.743000Z,2708.4,33.30608216,32.099458010000006
2017-07-30T05:15:38.743000Z,2708.4,34.83395954,36.37135801
2017-07-30T05:16:03.557000Z,2709.3,26.245163180000006,39.146158009999986
2017-07-30T05:16:03.557000Z,2709.3,29.452271310000004,37.64205800999999
2017-07-30T05:16:03.557000Z,2709.3,29.741820150000006,46.819872630000006
2017-07-30T05:16:28.466000Z,2705.16,25.822594770000002,56.22502796999998
2017-07-30T05:16:28.466000Z,2705.16,24.802294770000003,94.53063063
2017-07-30T05:16:28.466000Z,2705.16,31.118694770000005,65.30838077999998
2017-07-30T05:16:59.871000Z,2707.7,38.285563879999984,59.07616292999999
2017-07-30T05:16:59.871000Z,2707.7,29.634269310000004,55.69176292999999
2017-07-30T05:17:19.928000Z,2707.99,34.44249570000001,86.32476934
2017-07-30T05:17:31.493000Z,2706.16,40.30157130999999,97.53979012
2017-07-30T05:17:31.493000Z,2706.16,36.48697131,54.31974988999999
2017-07-30T05:17:31.493000Z,2706.16,41.721571309999995,94.37787439
2017-07-30T05:18:02.892000Z,2708.53,37.5064957,84.48415154
2017-07-30T05:18:02.892000Z,2708.53,29.914086180000005,55.856849889999985
2017-07-30T05:18:02.892000Z,2708.53,30.416354310000006,51.700849889999986
2017-07-30T05:18:33.900000Z,2708.58,27.716971310000005,53.591849889999985
2017-07-30T05:18:33.900000Z,2708.58,31.980676310000003,53.62984988999999
2017-07-30T05:18:49.666000Z,2707.3,38.700971309999986,56.74592015999998
2017-07-30T05:19:05.212000Z,2708.35,38.73889569999999,54.91284988999999
2017-07-30T05:19:05.212000Z,2708.35,29.327271310000004,52.16884989
2017-07-30T05:19:21.988000Z,2708.58,35.3444595,51.03984988999999
2017-07-30T05:19:36.495000Z,2708.58,33.03389698,52.17054988999999
2017-07-30T05:19:36.495000Z,2708.58,31.682922310000002,52.66701445999999
2017-07-30T05:19:36.495000Z,2708.58,28.602922310000007,53.25569589
2017-07-30T05:19:36.495000Z,2708.58,27.834922310000003,55.58908188999999
2017-07-30T05:19:36.495000Z,2708.58,31.792922309999998,83.59948783999998
2017-07-30T05:19:36.495000Z,2708.58,27.100222310000007,52.83788188999999
2017-07-30T05:19:36.495000Z,2708.58,30.56292231,50.718081889999986
2017-07-30T05:20:38.652000Z,2708.58,32.134022310000006,46.077767269999995
2017-07-30T05:20:38.652000Z,2708.58,33.50478719999999,43.78776726999999
2017-07-30T05:21:02.416000Z,2708.56,29.182271060000005,50.08868189
2017-07-30T05:21:09.742000Z,2708.57,31.824322310000003,49.368781889999994
2017-07-30T05:21:09.742000Z,2708.57,28.09632231,88.60024734000001
2017-07-30T05:21:09.742000Z,2708.57,34.606166179999995,81.7507923
2017-07-30T05:21:40.928000Z,2708.58,29.981522310000006,51.16998588999999
2017-07-30T05:21:40.928000Z,2708.58,29.59806618000001,81.81681241999999
2017-07-30T05:21:40.928000Z,2708.58,37.062022309999996,49.35248588999999
2017-07-30T05:22:12.286000Z,2703.91,30.856762770000017,66.75038187999999
2017-07-30T05:22:12.286000Z,2703.91,24.69060877000001,90.62103112000001
2017-07-30T05:22:12.286000Z,2703.91,24.866508770000003,61.56530541999999
2017-07-30T05:22:43.476000Z,2706.9,30.129665140000004,56.688605419999995
2017-07-30T05:22:43.476000Z,2706.9,37.712054710000004,52.44514988999999
2017-07-30T05:22:43.476000Z,2706.9,31.009054709999997,86.86740087999999
2017-07-30T05:23:14.742000Z,2704.32,34.33505471000001,93.06439443
2017-07-30T05:23:14.742000Z,2704.32,39.297123879999994,57.382692029999994
2017-07-30T05:23:14.742000Z,2704.32,33.52314734,90.0608087
2017-07-30T05:23:46.220000Z,2705.0,31.196947339999998,96.50604373
2017-07-30T05:23:46.220000Z,2705.0,34.83854734,93.89644372999999
2017-07-30T05:23:46.220000Z,2705.0,39.10324734,65.75414989000001
2017-07-30T05:24:13.998000Z,2705.0,26.94734734,60.75690116999999
2017-07-30T05:24:17.464000Z,2704.25,23.865845999999998,102.03751126000002
2017-07-30T05:24:17.464000Z,2704.25,29.111246,101.13637220000003
2017-07-30T05:24:17.464000Z,2704.25,25.793246000000007,63.391388850000006
2017-07-30T05:24:51.169000Z,2703.26,28.093425470000003,98.90397059000003
2017-07-30T05:24:51.169000Z,2703.26,29.704246000000005,75.71914347000002
2017-07-30T05:24:51.169000Z,2703.26,31.265946000000014,78.05440117000002
2017-07-30T05:25:26.500000Z,2704.11,30.70742547,101.07608017
2017-07-30T05:25:32.254000Z,2703.0,34.302513700000006,102.15749823
2017-07-30T05:25:32.254000Z,2703.0,29.114368660000004,96.94949822999999
2017-07-30T05:25:56.234000Z,2703.21,26.593964600000007,96.32015831
2017-07-30T05:25:56.234000Z,2703.21,28.551352830000003,52.352428339999996
2017-07-30T05:26:13.793000Z,2706.86,28.901063669999996,56.13149133999998
2017-07-30T05:26:22.904000Z,2702.98,29.22445838000001,89.60115372
2017-07-30T05:26:22.904000Z,2702.98,22.209671300000004,93.18117253000001
2017-07-30T05:26:22.904000Z,2702.98,16.8321713,126.26081424
2017-07-30T05:26:54.241000Z,2704.2,21.691871300000003,101.27905614999999
2017-07-30T05:27:03.274000Z,2704.2,20.456898350000003,90.16742359999999
2017-07-30T05:27:03.274000Z,2704.2,20.487598349999995,90.97982359999999
2017-07-30T05:27:26.076000Z,2704.19,18.56803781,90.34632359999999
2017-07-30T05:27:36.866000Z,2703.2,19.89506188,90.76117547000003
2017-07-30T05:27:43.210000Z,2702.97,27.47316188,50.843357109999985
2017-07-30T05:27:56.868000Z,2704.95,25.537551449999995,50.08794495999999
2017-07-30T05:28:05.761000Z,2703.25,27.97050134,76.58629240000002
2017-07-30T05:28:14.623000Z,2703.8,32.172201339999994,43.18945139000001
2017-07-30T05:28:21.143000Z,2702.98,29.6485563,78.45141231
2017-07-30T05:28:36.970000Z,2703.31,23.670563670000003,77.433749
2017-07-30T05:28:36.970000Z,2703.31,24.77170134,78.61227219000001
2017-07-30T05:28:50.983000Z,2702.97,36.42858957000001,48.89864157000001
2017-07-30T05:29:05.727000Z,2702.94,26.524266180000016,72.11097414000002
2017-07-30T05:29:15.019000Z,2702.94,26.62284618000001,70.98989951000001
2017-07-30T05:29:23.316000Z,2702.94,26.522846180000016,71.42303177000002
2017-07-30T05:29:30.429000Z,2702.75,30.49467159000001,67.50181155000001
2017-07-30T05:29:39.186000Z,2702.74,26.961271590000017,65.66691908000001
2017-07-30T05:29:55.953000Z,2702.74,25.896457550000008,63.08961302
2017-07-30T05:30:03.705000Z,2702.75,26.472611840000013,33.012678490000006
2017-07-30T05:30:03.705000Z,2702.75,43.696088380000006,30.759333490000003
2017-07-30T05:30:23.585000Z,2700.21,42.69645121,70.11304105
2017-07-30T05:30:33.435000Z,2700.21,42.11283114,68.66349593
2017-07-30T05:30:44.353000Z,2700.21,44.06191936999997,72.53561577
2017-07-30T05:30:52.760000Z,2700.2,27.875006740000007,72.01579593
2017-07-30T05:31:05.453000Z,2700.4,33.996169570000006,74.50300017
2017-07-30T05:31:14.401000Z,2700.4,36.54548,70.26865516999999
2017-07-30T05:31:25.903000Z,2699.93,41.50317585999998,31.348156369999998
2017-07-30T05:31:36.873000Z,2702.2,34.45842042999999,59.29120406999999
2017-07-30T05:31:41.697000Z,2702.91,29.976920430000007,62.58030084
2017-07-30T05:31:55.054000Z,2701.21,29.925119630000005,34.6409059
2017-07-30T05:32:06.912000Z,2700.91,28.82517024000001,31.249680740000002
2017-07-30T05:32:16.425000Z,2700.28,227.23729055000004,31.204560900000004
2017-07-30T05:32:21.273000Z,2700.26,222.10726024000007,63.316052029999994
2017-07-30T05:32:21.273000Z,2700.26,226.09954847000003,69.77634052000002
2017-07-30T05:32:44.297000Z,2702.3,225.67884197000006,29.93862065
2017-07-30T05:32:49.017000Z,2702.9,220.24233860000007,33.36432703
2017-07-30T05:32:49.017000Z,2702.9,226.34542177000006,35.436312120000004
2017-07-30T05:33:10.632000Z,2702.79,232.29172177000004,37.36892743
2017-07-30T05:33:10.632000Z,2702.79,232.46172177000005,33.994927430000004
2017-07-30T05:33:10.632000Z,2702.79,232.5342217700001,33.09355429
2017-07-30T05:33:41.964000Z,2702.5,227.22742177000006,32.53585521000001
2017-07-30T05:33:54.552000Z,2702.51,228.9079461400001,61.48834267
2017-07-30T05:33:58.618000Z,2702.5,230.67794614000005,66.25016198000002
2017-07-30T05:34:13.269000Z,2702.51,226.8018461400001,31.81115121
2017-07-30T05:34:13.269000Z,2702.51,223.4737461400001,31.72115121000001
2017-07-30T05:34:13.269000Z,2702.51,228.50444614000008,64.42623629000002
2017-07-30T05:34:44.513000Z,2702.51,230.53244614000005,33.40215121
2017-07-30T05:34:44.513000Z,2702.51,225.11444614000007,64.24046676
2017-07-30T05:35:00.782000Z,2702.51,222.80786604000005,27.745151210000003
2017-07-30T05:35:16.170000Z,2702.8,28.22452043000001,34.53605121000001
2017-07-30T05:35:25.261000Z,2702.57,26.207713750000007,66.70785735000001
2017-07-30T05:35:33.433000Z,2704.51,20.440716820000002,36.258222980000006
2017-07-30T05:35:33.433000Z,2704.51,31.09820639000001,63.129631960000005
2017-07-30T05:35:47.309000Z,2703.21,32.8947907,33.553071210000006
2017-07-30T05:36:04.830000Z,2685.17,53.381168829999964,110.2561391000001
2017-07-30T05:36:09.507000Z,2700.2,31.77011660000001,104.00131118000006
2017-07-30T05:36:25.502000Z,2700.2,33.06022619000001,107.04557568000007
2017-07-30T05:36:27.175000Z,2700.2,27.27138202,134.09042956999997
2017-07-30T05:36:27.175000Z,2700.2,36.85748201999999,107.41149932000008
2017-07-30T05:36:57.545000Z,2698.03,31.67238982000001,135.01721898000002
2017-07-30T05:37:00.073000Z,2697.37,32.74064951,114.66030764000008
2017-07-30T05:37:12.306000Z,2697.07,42.66027223999998,118.59353922000008
2017-07-30T05:37:26.542000Z,2696.37,51.10537923999996,92.97608127000002
2017-07-30T05:37:31.188000Z,2693.04,32.21595353000001,95.55005426000007
2017-07-30T05:37:42.071000Z,2674.8,66.13504799999995,84.43808464000001
2017-07-30T05:37:56.586000Z,2688.17,55.22071484000001,102.69844258
2017-07-30T05:37:56.586000Z,2688.17,78.77737652000002,88.04625160000005
2017-07-30T05:38:15.495000Z,2680.28,49.454459269999994,62.69648444999998
2017-07-30T05:38:23.956000Z,2680.25,54.16004160999999,62.22795537999998
2017-07-30T05:38:34.954000Z,2678.23,61.41746321999997,521.4062206999998
2017-07-30T05:38:44.039000Z,2678.22,76.52353945000002,601.01711933
2017-07-30T05:38:55.374000Z,2678.11,66.16088212,547.8117584099999
2017-07-30T05:39:01.232000Z,2678.16,70.18491025,587.88538167
2017-07-30T05:39:16.773000Z,2676.69,72.20922916999999,487.5127377299998
2017-07-30T05:39:26.914000Z,2672.32,92.83912848,480.0562731099999
2017-07-30T05:39:34.855000Z,2671.77,89.76391741999998,412.21322571999997
2017-07-30T05:39:46.441000Z,2666.41,70.56297560999997,424.60430823999997
2017-07-30T05:39:53.458000Z,2666.41,56.385454229999986,437.86275206999994
2017-07-30T05:40:02.912000Z,2668.4,62.59105797999999,428.1036204399999
2017-07-30T05:40:16.296000Z,2675.43,60.22366309999998,431.60230885
2017-07-30T05:40:23.606000Z,2670.46,72.4828376,403.4200265099998
2017-07-30T05:40:28.984000Z,2672.4,75.94030744000003,391.50123850999984
2017-07-30T05:40:43.235000Z,2668.98,85.58217893000003,393.4326931599998
2017-07-30T05:40:56.144000Z,2666.39,63.276537139999995,402.5814430899999
2017-07-30T05:40:59.876000Z,2666.3,76.02776987,390.5579302799999
2017-07-30T05:41:16.243000Z,2666.33,78.65791166000001,390.4529235299998
2017-07-30T05:41:16.243000Z,2666.33,79.64791166,397.94973991999984
2017-07-30T05:41:31.128000Z,2666.32,79.90201166,400.11452228999985
2017-07-30T05:41:46.119000Z,2664.45,58.97702892999998,327.8545700799998
2017-07-30T05:41:53.526000Z,2666.2,73.610285,337.6450372099998
2017-07-30T05:42:02.755000Z,2666.13,56.86065482999999,275.1874157499998
2017-07-30T05:42:15.893000Z,2660.51,74.19450584999997,194.56753555999984
2017-07-30T05:42:27.066000Z,2640.19,76.31452215999998,73.45164221000005
2017-07-30T05:42:36.624000Z,2657.33,99.78434238000003,54.98890931999997
2017-07-30T05:42:46.549000Z,2655.11,89.13147470000001,41.73431645999999
2017-07-30T05:42:53.612000Z,2653.98,69.77756685999998,50.358255369999995
2017-07-30T05:43:05.622000Z,2653.95,64.44774409999998,51.40848238999999
2017-07-30T05:43:05.622000Z,2653.95,83.28808095,43.0226372
2017-07-30T05:43:05.622000Z,2653.95,91.83308095000004,49.91353700999999
2017-07-30T05:43:31.878000Z,2654.09,83.87313486000001,46.088293199999995
2017-07-30T05:43:45.873000Z,2654.08,91.33264755000003,33.61771852
2017-07-30T05:43:55.647000Z,2653.48,97.43483290000003,37.10215273000001
2017-07-30T05:44:06.002000Z,2644.74,72.73472014999999,50.87250966000002
2017-07-30T05:44:15.553000Z,2645.62,73.71360843999999,29.317439249999993
2017-07-30T05:44:25.923000Z,2642.19,70.06515800999999,26.268832380000003
2017-07-30T05:44:36.835000Z,2642.08,78.43102965,60.64055023999997
2017-07-30T05:44:46.402000Z,2625.05,74.42117128,55.60957869999999
2017-07-30T05:44:56.733000Z,2624.51,69.86087900000001,27.52867624000001
2017-07-30T05:45:06.763000Z,2619.17,80.75893636000002,40.12613812000002
2017-07-30T05:45:15.471000Z,2613.32,64.81326122999998,39.125211089999986
2017-07-30T05:45:25.105000Z,2610.42,41.85596759,22.125594330000023
2017-07-30T05:45:36.711000Z,2599.97,42.243553600000006,22.81196672000001
2017-07-30T05:45:45.806000Z,2584.23,51.743613789999976,33.04813688999998
2017-07-30T05:45:56.286000Z,2580.2,64.22554547999998,48.68119945999998
2017-07-30T05:46:06.919000Z,2589.14,33.16396415000003,47.954254869999986
2017-07-30T05:46:16.246000Z,2581.97,28.859924710000016,5.5482601
2017-07-30T05:46:25.765000Z,2575.96,39.75740507999998,2.883649000000001
2017-07-30T05:46:36.712000Z,2578.39,60.01683484999997,65.93830832
2017-07-30T05:46:46.615000Z,2569.87,56.030382719999984,70.24813582000002
2017-07-30T05:46:56.923000Z,2563.63,59.65398194999999,40.88757592999999
2017-07-30T05:47:00.923000Z,2571.04,60.971192609999996,59.422702169999994
2017-07-30T05:47:15.724000Z,2571.02,58.49999160999999,44.50778039
2017-07-30T05:47:26.830000Z,2573.05,60.01954467999997,25.06954002
2017-07-30T05:47:32.301000Z,2573.06,60.05690414999998,12.52645651
2017-07-30T05:47:43.813000Z,2578.24,59.71869801999999,12.899867889999998
2017-07-30T05:47:55.271000Z,2573.01,59.68508318999999,35.94657149999999
2017-07-30T05:48:06.588000Z,2580.89,44.262457029999986,86.79418313999999
2017-07-30T05:48:14.119000Z,2580.86,39.10621452000001,81.74584976000001
2017-07-30T05:48:24.017000Z,2584.84,34.13805228000002,54.01815434000002
2017-07-30T05:48:34.894000Z,2605.64,57.204616539999996,17.630561330000006
2017-07-30T05:48:46.208000Z,2605.64,36.904395629999996,20.08339374
2017-07-30T05:48:56.579000Z,2605.66,52.28470969999999,16.57829374
2017-07-30T05:49:05.870000Z,2605.66,36.41064668000001,19.38329374
2017-07-30T05:49:15.925000Z,2605.66,36.741076070000005,26.38411342000001
2017-07-30T05:49:26.149000Z,2605.67,45.91716697000002,20.707411440000033
2017-07-30T05:49:35.191000Z,2605.62,68.51511309000003,32.398248550000034
2017-07-30T05:49:46.909000Z,2605.69,49.60212958000001,44.80060140000001
2017-07-30T05:49:56.373000Z,2611.14,44.11344035000001,43.42510140000002
2017-07-30T05:50:00.425000Z,2605.67,42.89667189000001,47.73214214
2017-07-30T05:50:16.602000Z,2605.67,40.462491100000015,74.24570738999998
2017-07-30T05:50:26.395000Z,2611.1,43.25598402000002,68.32080939000001
2017-07-30T05:50:33.993000Z,2610.99,39.543969890000014,35.53941849
2017-07-30T05:50:33.993000Z,2610.99,36.28855772,32.33622997
2017-07-30T05:50:53.098000Z,2611.1,34.51415772000001,27.682927990000007
2017-07-30T05:51:01.535000Z,2611.09,29.368157720000013,29.295519350000006
2017-07-30T05:51:07.599000Z,2611.16,33.82259918,41.36677116000003
2017-07-30T05:51:26.565000Z,2616.67,46.23018899000001,33.58310791999999
2017-07-30T05:51:35.403000Z,2616.59,49.01899125999998,32.61127712999999
2017-07-30T05:51:44.666000Z,2615.11,42.734808560000005,11.714742569999995
2017-07-30T05:51:53.168000Z,2615.1,54.525768770000006,18.251650840000003
2017-07-30T05:52:02.124000Z,2615.1,39.335562769999996,44.13299709000002
2017-07-30T05:52:07.454000Z,2615.1,36.72556276999999,51.68461799000003
2017-07-30T05:52:18.502000Z,2615.11,38.29605776,52.09741799000001
2017-07-30T05:52:36.972000Z,2622.13,41.66942911000001,60.20418882
2017-07-30T05:52:40.460000Z,2622.13,36.48015820000001,52.28078615000001
2017-07-30T05:52:54.637000Z,2622.13,45.242507690000004,40.16627212
2017-07-30T05:53:04.860000Z,2622.12,48.27780169000002,47.062875610000006
2017-07-30T05:53:07.225000Z,2622.13,44.29477701000002,53.053111130000005
2017-07-30T05:53:07.225000Z,2622.13,44.37483902000002,58.40911113000001
2017-07-30T05:53:34.559000Z,2622.45,39.17756447,46.65526088000001
2017-07-30T05:53:43.289000Z,2627.2,40.201615149999995,31.98535984
2017-07-30T05:53:55.794000Z,2627.19,43.20769340000002,28.382905439999995
2017-07-30T05:54:04.322000Z,2627.19,41.111399989999995,43.48234007000001
2017-07-30T05:54:13.389000Z,2627.19,38.43209734000001,50.88791416999999
2017-07-30T05:54:23.487000Z,2627.66,41.67085318,44.72596005000001
2017-07-30T05:54:36.656000Z,2625.03,46.348185950000016,26.562422729999998
2017-07-30T05:54:46.838000Z,2618.62,49.90411519000003,23.238946820000002
2017-07-30T05:54:56.416000Z,2614.34,49.91948477,32.07039929999999
2017-07-30T05:55:06.751000Z,2616.03,42.27569534999998,23.648846810000006
2017-07-30T05:55:13.833000Z,2612.55,48.215009670000015,31.844146180000003
2017-07-30T05:55:25.646000Z,2611.73,55.556753279999974,21.777348849999996
2017-07-30T05:55:35.828000Z,2610.9,76.16624386999999,37.47107526000001
2017-07-30T05:55:46.204000Z,2601.24,66.75192554999998,43.759414849999985
2017-07-30T05:55:55.169000Z,2609.71,66.44118851999997,34.04135573999999
2017-07-30T05:56:05.072000Z,2606.91,48.230244219999975,38.535811720000005
2017-07-30T05:56:16.688000Z,2605.58,44.46529988999999,25.539555739999997
2017-07-30T05:56:22.765000Z,2604.26,46.77310239999998,20.632828319999994
2017-07-30T05:56:27.046000Z,2604.14,53.28745829999998,27.202928319999998
2017-07-30T05:56:44.817000Z,2603.96,52.24613038999998,27.38707049
2017-07-30T05:56:55.881000Z,2603.96,45.41467682999999,31.275870489999996
2017-07-30T05:57:01.047000Z,2603.95,49.13498572999998,36.46607049
2017-07-30T05:57:16.086000Z,2603.96,53.41949952999998,34.07607048999999
2017-07-30T05:57:24.413000Z,2609.0,58.18710676999998,49.32447049
2017-07-30T05:57:33.016000Z,2607.95,58.66457037000001,38.53642089999998
2017-07-30T05:57:33.016000Z,2607.95,59.83627037,45.708486650000005
2017-07-30T05:57:55.574000Z,2608.99,53.98786829999997,37.99376617
2017-07-30T05:57:59.742000Z,2608.09,60.97261906999997,28.67846814
2017-07-30T05:58:10.808000Z,2611.1,48.23256537999997,45.675237010000004
2017-07-30T05:58:22.003000Z,2611.09,57.728187479999974,29.249150870000005
2017-07-30T05:58:31.656000Z,2611.1,43.89159110999998,26.79646494
2017-07-30T05:58:41.121000Z,2610.05,48.20288459999999,28.24187443
2017-07-30T05:58:54.367000Z,2612.02,40.90889157999999,54.5749669
2017-07-30T05:59:03.274000Z,2616.56,55.40753319000001,38.840897899999995
2017-07-30T05:59:14.359000Z,2620.0,61.12629705000001,39.36097756
2017-07-30T05:59:21.945000Z,2620.0,45.56359266000002,35.89114158
2017-07-30T05:59:36.666000Z,2627.66,51.10438538999999,63.76996217999999
2017-07-30T05:59:42.624000Z,2628.08,46.70343845000001,42.990473140000006
2017-07-30T05:59:55.503000Z,2628.08,64.16891686999999,49.893399999999986
2017-07-30T06:00:02.397000Z,2628.5,60.01982804999999,39.163599999999995
2017-07-30T06:00:17.822000Z,2628.51,72.52444021000002,35.8615989
2017-07-30T06:00:25.104000Z,2628.51,64.75929149999997,29.355991069999995
2017-07-30T06:00:35.423000Z,2628.28,53.434179749999984,45.53769107
2017-07-30T06:00:46.151000Z,2629.0,51.01968029999998,49.26750833
2017-07-30T06:00:55.938000Z,2633.18,78.27387351,45.08680833
2017-07-30T06:01:01.961000Z,2633.19,72.02470555999999,32.18476931
2017-07-30T06:01:12.313000Z,2632.81,72.91095967,43.947633310000015
2017-07-30T06:01:12.313000Z,2632.81,83.43062117,32.966034410000006
2017-07-30T06:01:12.313000Z,2632.81,83.79101324999999,41.365834410000005
2017-07-30T06:01:44.326000Z,2630.27,75.99775762999997,42.03263421000001
2017-07-30T06:01:44.326000Z,2630.27,79.53232077,33.01483421
2017-07-30T06:02:04.943000Z,2627.58,95.75312700000002,44.12722733
2017-07-30T06:02:16.782000Z,2625.37,97.55682700000003,40.48296164999999
2017-07-30T06:02:19.612000Z,2622.82,98.14542700000001,42.88986165000001
2017-07-30T06:02:36.470000Z,2629.0,86.29815346,51.217851450000005
2017-07-30T06:02:38.033000Z,2629.2,87.57739145,60.370817230000014
2017-07-30T06:02:49.317000Z,2629.02,89.88319145,56.25798633000001
2017-07-30T06:03:03.803000Z,2632.97,90.09069145,44.07141724
2017-07-30T06:03:15.491000Z,2632.98,88.10835781000002,72.80183695000002
2017-07-30T06:03:26.622000Z,2633.19,90.10122237,59.40965887
2017-07-30T06:03:33.961000Z,2633.16,86.42142860999999,66.61685886000001
2017-07-30T06:03:47.482000Z,2637.85,90.04985778000001,65.40241723999999
2017-07-30T06:03:56.741000Z,2638.56,84.91414421000002,67.53206379000002
2017-07-30T06:04:03.972000Z,2639.31,89.64988208000001,73.78697399999999
2017-07-30T06:04:15.620000Z,2641.97,90.36100049000001,66.91219434000001
2017-07-30T06:04:26.453000Z,2641.96,94.68216255,57.02844656000001
2017-07-30T06:04:36.430000Z,2641.96,104.23442253,70.17327399999999
2017-07-30T06:04:46.435000Z,2641.99,80.59299446000007,57.16654655999998
2017-07-30T06:04:54.503000Z,2641.6,91.19298830000007,68.50339656
2017-07-30T06:05:06.867000Z,2641.91,91.73434943000008,58.83417955999999
2017-07-30T06:05:16.423000Z,2640.1,89.52209228000007,61.40584655999999
2017-07-30T06:05:26.939000Z,2639.98,61.26581213,73.48857399999999
2017-07-30T06:05:36.917000Z,2639.61,63.95287896,68.16984656
2017-07-30T06:05:46.278000Z,2639.59,91.94795390000002,58.97260455999999
2017-07-30T06:05:55.647000Z,2639.67,99.51609555000003,67.18163199
2017-07-30T06:06:05.340000Z,2639.65,84.00862090000003,66.65089574
2017-07-30T06:06:16.132000Z,2635.05,59.43754121999998,45.11189574
2017-07-30T06:06:26.755000Z,2635.04,86.28570074999999,38.29294918
2017-07-30T06:06:36.639000Z,2634.2,97.66639606000003,27.689100000000003
2017-07-30T06:06:44.621000Z,2630.38,67.72749592,38.67759574000001
2017-07-30T06:06:54.684000Z,2630.38,75.97542378999998,32.41289574000001
2017-07-30T06:07:06.398000Z,2630.37,77.31436343,32.76879574000001
2017-07-30T06:07:15.092000Z,2630.38,77.24947716,41.096595740000005
2017-07-30T06:07:26.783000Z,2630.38,78.82117016999999,45.146595739999995
2017-07-30T06:07:36.330000Z,2628.13,81.66922880000006,57.72865958999999
2017-07-30T06:07:46.912000Z,2627.15,77.59032789999996,65.67897399
2017-07-30T06:07:55.092000Z,2630.4,73.43740784999997,53.42311178999999
2017-07-30T06:08:05.116000Z,2630.41,71.47936187999997,58.48758434999999
2017-07-30T06:08:16.275000Z,2630.4,71.27384568,42.30458435000001
2017-07-30T06:08:25.678000Z,2630.4,73.07312038,38.68088435
2017-07-30T06:08:36.156000Z,2630.41,74.44349025,32.00098435
2017-07-30T06:08:46.915000Z,2630.4,72.94023580000001,42.41988434999999
2017-07-30T06:08:54.867000Z,2630.41,78.42498565000001,46.59638434999999
2017-07-30T06:09:06.197000Z,2631.87,78.49291125000002,39.116737789999995
2017-07-30T06:09:15.663000Z,2630.41,82.76743140000004,22.50863779
2017-07-30T06:09:26.644000Z,2630.41,83.21483932000002,20.444937789999997
2017-07-30T06:09:32.484000Z,2630.41,84.44068046000005,15.669784349999995
2017-07-30T06:09:46.731000Z,2630.14,89.18718541000003,26.147337790000005
2017-07-30T06:09:49.868000Z,2626.81,84.36357941000004,28.530071049999997
2017-07-30T06:10:04.638000Z,2627.5,83.80434192000004,25.370171049999993
2017-07-30T06:10:16.215000Z,2627.2,84.59364860000004,28.70547105
2017-07-30T06:10:26.685000Z,2630.41,83.71699804000002,22.080871050000002
2017-07-30T06:10:35.305000Z,2630.41,82.61873094000003,27.787824490000006
2017-07-30T06:10:38.614000Z,2630.41,82.87518936000004,28.518637790000007
2017-07-30T06:10:52.085000Z,2628.16,94.22452432000006,25.616684350000003
2017-07-30T06:11:00.342000Z,2630.4,92.09933632000006,29.778684350000006
2017-07-30T06:11:16.957000Z,2630.37,92.08844594000007,28.50978435
2017-07-30T06:11:26.214000Z,2629.49,82.08053920000005,31.33126787
2017-07-30T06:11:35.199000Z,2630.33,52.90818587999999,20.418684349999992
2017-07-30T06:11:35.199000Z,2630.33,79.66639235999999,25.274284349999995
2017-07-30T06:11:55.222000Z,2627.87,82.76890953000003,36.398737790000006
2017-07-30T06:11:55.222000Z,2627.87,78.43640053000001,30.30398435
2017-07-30T06:11:55.222000Z,2627.87,78.89384048000002,20.63408435
2017-07-30T06:12:26.688000Z,2626.0,78.69979761000002,30.006984350000003
2017-07-30T06:12:36.904000Z,2627.85,75.27342861,30.557984349999998
2017-07-30T06:12:40.505000Z,2627.84,74.88775161,23.81498435
2017-07-30T06:12:40.505000Z,2627.84,74.91771360999999,24.40208435
2017-07-30T06:12:57.880000Z,2627.83,76.47682761000002,32.98798435000001
2017-07-30T06:13:16.170000Z,2627.81,75.79512276000001,31.034284349999997
2017-07-30T06:13:16.170000Z,2627.81,75.15455175999999,32.074284350000006
2017-07-30T06:13:29.267000Z,2627.81,76.24358576,33.18428435
2017-07-30T06:13:39.799000Z,2627.81,74.87744394,35.564046659999995
2017-07-30T06:13:39.799000Z,2627.81,78.39081394000002,40.09114666000001
2017-07-30T06:14:06.170000Z,2627.0,72.99459935,45.04654665999999
2017-07-30T06:14:14.949000Z,2627.8,75.10533341000001,38.92374666
2017-07-30T06:14:14.949000Z,2627.8,75.89449141000001,31.955346660000007
2017-07-30T06:14:32.739000Z,2627.81,70.80225202000003,36.429446659999996
2017-07-30T06:14:41.991000Z,2627.87,67.91332708000004,50.97374666
2017-07-30T06:14:41.991000Z,2627.87,70.14032708000002,46.70064666
2017-07-30T06:15:03.830000Z,2627.86,67.60981408000004,33.80844666000001
2017-07-30T06:15:03.830000Z,2627.86,72.36681408000003,41.90948435
2017-07-30T06:15:03.830000Z,2627.86,72.22381408000003,49.069484349999996
2017-07-30T06:15:36.639000Z,2627.87,47.03878555000001,81.39980082000004
2017-07-30T06:15:36.639000Z,2627.87,45.60458555000001,76.20440787000005
2017-07-30T06:15:52.305000Z,2627.87,58.83098219,75.40208435000005
2017-07-30T06:16:06.933000Z,2627.87,59.00228219000001,73.67659125000004
2017-07-30T06:16:06.933000Z,2627.87,57.47278555,67.86788435000003
2017-07-30T06:16:06.933000Z,2627.87,57.37678555,60.93669114
2017-07-30T06:16:36.276000Z,2629.87,56.74896895000001,56.64308435000002
2017-07-30T06:16:37.910000Z,2628.21,55.90157468000001,48.69998435000002
2017-07-30T06:16:37.910000Z,2628.21,54.24957468,42.99967332000003
2017-07-30T06:16:59.714000Z,2629.86,58.59728673,31.975284349999995
2017-07-30T06:17:09.205000Z,2629.86,55.63268673000001,37.22709306000001
2017-07-30T06:17:09.205000Z,2629.86,56.057686730000015,39.86999306000002
2017-07-30T06:17:09.205000Z,2629.86,56.72514026000001,34.93999306000002
2017-07-30T06:17:45.741000Z,2629.0,55.50854026000001,33.290637790000005
2017-07-30T06:17:45.741000Z,2629.0,55.81544026000002,25.411637789999993
2017-07-30T06:18:05.523000Z,2628.2,62.20424025999998,26.125937790000002
2017-07-30T06:18:11.839000Z,2627.0,56.985440260000004,27.39698435
2017-07-30T06:18:11.839000Z,2627.0,55.24571073000001,26.746937789999997
2017-07-30T06:18:11.839000Z,2627.0,53.592173280000004,25.744837789999995
2017-07-30T06:18:43.185000Z,2627.58,55.727650260000004,31.882737790000004
2017-07-30T06:18:53.377000Z,2627.23,55.20873428,43.92763779
2017-07-30T06:18:53.377000Z,2627.23,59.505135280000005,27.45458435
2017-07-30T06:19:16.366000Z,2625.2,61.17008973,27.143610350000007
2017-07-30T06:19:26.420000Z,2618.31,57.04975039,46.260976819999996
2017-07-30T06:19:36.426000Z,2615.68,61.1760064,36.714140409999985
2017-07-30T06:19:45.868000Z,2619.38,81.51627840000002,42.93490262
2017-07-30T06:19:49.812000Z,2615.2,68.28666906999999,30.058476619999997
2017-07-30T06:20:05.876000Z,2611.36,67.18925045,58.567730059999995
2017-07-30T06:20:16.416000Z,2612.2,70.02823612,49.672030060000004
2017-07-30T06:20:26.701000Z,2607.2,78.95327632999998,70.26672683000001
2017-07-30T06:20:35.532000Z,2608.32,80.27762348000002,30.055812510000006
2017-07-30T06:20:43.631000Z,2608.22,70.19391084000003,47.20715551999999
2017-07-30T06:20:51.811000Z,2608.31,69.70749479000004,32.34531951
2017-07-30T06:21:03.435000Z,2608.46,73.04762325000003,33.791914399999996
2017-07-30T06:21:13.374000Z,2608.46,78.48630892000003,56.765246069999996
2017-07-30T06:21:21.625000Z,2608.46,76.53259578000004,59.36545095000001
2017-07-30T06:21:36.755000Z,2608.46,67.80853823000002,39.41554324000001
2017-07-30T06:21:43.549000Z,2608.46,67.78845148000002,39.87054324
2017-07-30T06:21:53.299000Z,2608.46,70.61270397000004,56.413043240000015
2017-07-30T06:22:06.111000Z,2608.46,75.51879133000004,53.373043240000015
2017-07-30T06:22:06.111000Z,2608.46,75.34049133000005,58.18804324000001
2017-07-30T06:22:23.653000Z,2608.46,68.40058268000003,64.13531096
2017-07-30T06:22:23.653000Z,2608.46,68.30529690000002,44.643577930000006
2017-07-30T06:22:23.653000Z,2608.46,97.62770895000004,51.35882838
2017-07-30T06:22:53.905000Z,2608.46,73.18831064000003,56.09363350000002
2017-07-30T06:23:00.925000Z,2608.46,73.66751954000004,56.06582838000001
2017-07-30T06:23:00.925000Z,2608.46,91.91338026000005,68.68582838000002
2017-07-30T06:23:25.345000Z,2608.46,74.26456193000004,63.17982839000001
2017-07-30T06:23:34.318000Z,2611.45,72.09344238,45.84172067
2017-07-30T06:23:41.328000Z,2611.72,62.856757029999976,38.06747423000001
2017-07-30T06:23:56.635000Z,2612.03,73.88461113999999,39.96202575000001
2017-07-30T06:23:56.635000Z,2612.03,74.30484114000001,39.525887990000015
2017-07-30T06:23:56.635000Z,2612.03,75.46384314,43.44818799000001
2017-07-30T06:23:56.635000Z,2612.03,79.82814314000002,33.104687989999995
2017-07-30T06:24:28.021000Z,2611.1,68.69717339000002,34.94428798999999
2017-07-30T06:24:28.021000Z,2611.1,65.00024406000001,33.68328799
2017-07-30T06:24:56.099000Z,2609.2,65.56571616000001,61.09255399
2017-07-30T06:25:02.063000Z,2608.45,76.83549339000004,59.53455399
2017-07-30T06:25:16.072000Z,2605.29,95.76576268000002,47.93209046
2017-07-30T06:25:26.240000Z,2592.83,91.05732587000004,50.95185433000002
2017-07-30T06:25:36.771000Z,2591.2,65.11662325999998,19.349722959999998
2017-07-30T06:25:44.734000Z,2587.12,62.90703472999998,19.747478200000007
2017-07-30T06:25:55.637000Z,2585.9,55.843349729999986,31.928696430000006
2017-07-30T06:26:06.425000Z,2587.0,67.03394055999999,30.43388161000001
2017-07-30T06:26:15.796000Z,2575.06,96.81719999000005,49.03918815000001
2017-07-30T06:26:23.997000Z,2572.42,65.43628237999997,55.907788149999995
2017-07-30T06:26:33.664000Z,2569.81,62.88469999999996,58.308918260000006
2017-07-30T06:26:44.050000Z,2573.6,51.76279999999996,56.94728793
2017-07-30T06:26:44.050000Z,2573.6,60.48699999999998,33.49069293000001
2017-07-30T06:27:04.944000Z,2572.78,52.38383709999997,46.01614892999999
2017-07-30T06:33:25.250000Z,2622.06,31.311383990000007,69.54933993000002
2017-07-30T06:33:25.250000Z,2622.06,63.79320544999999,232.62249935999972
2017-07-30T06:33:40.460000Z,2622.09,79.02191815000003,224.95872635999967
2017-07-30T06:33:52.959000Z,2622.13,66.51073515000002,223.94057035999973
2017-07-30T06:34:06.864000Z,2622.12,72.06473407,218.7787318999997
2017-07-30T06:34:16.414000Z,2622.13,86.28061011000004,219.28830717999972
2017-07-30T06:34:24.321000Z,2622.13,76.91541011000002,228.57377817999972
2017-07-30T06:34:35.564000Z,2622.15,68.59034729000003,228.29466419999972
2017-07-30T06:34:39.967000Z,2622.15,71.47887529,228.64943567999973
2017-07-30T06:34:55.587000Z,2622.16,70.85062398000001,225.6496630299997
2017-07-30T06:34:57.837000Z,2622.16,58.41179036000001,221.47617802999974
2017-07-30T06:35:14.218000Z,2622.16,63.060989619999994,223.7831399899997
2017-07-30T06:35:26.392000Z,2622.15,55.95144935999999,222.35789405999972
2017-07-30T06:35:27.848000Z,2622.16,71.51796798000002,220.5795660599997
2017-07-30T06:35:27.848000Z,2622.16,58.911649360000006,226.89776888999972
2017-07-30T06:35:27.848000Z,2622.16,59.28704936000003,221.60128688999973
2017-07-30T06:35:59.333000Z,2622.16,85.99807606000003,219.8205188899997
2017-07-30T06:36:11.593000Z,2622.15,72.58157605999999,224.2975188899997
2017-07-30T06:36:17.646000Z,2622.15,74.39362274999999,223.15069094999973
2017-07-30T06:36:30.738000Z,2622.16,74.37862274999999,226.02557994999975
2017-07-30T06:36:30.738000Z,2622.16,82.46762274999998,218.57009094999972
2017-07-30T06:36:52.429000Z,2622.16,83.90761895000001,217.60609094999973
2017-07-30T06:37:02.321000Z,2622.16,76.27952094999999,217.62909094999972
2017-07-30T06:37:02.321000Z,2622.16,77.59952095,218.50609094999973
2017-07-30T06:37:25.676000Z,2622.15,80.85052095,218.46708174999972
2017-07-30T06:37:35.970000Z,2622.07,84.93700551,215.91284329999974
2017-07-30T06:37:41.293000Z,2620.0,90.32188488999998,214.4796802699997
2017-07-30T06:37:56.805000Z,2601.08,95.91404469000004,24.746892320000008
2017-07-30T06:38:05.288000Z,2602.22,81.82284469000005,21.765262630000002
2017-07-30T06:38:11.564000Z,2603.24,89.68984469000004,26.81788763
2017-07-30T06:38:23.800000Z,2603.23,73.96534469,29.080647460000012
2017-07-30T06:38:36.349000Z,2589.22,67.75994468999997,61.26535063999998
2017-07-30T06:38:40.225000Z,2594.63,74.35699899999999,49.23322464000001
2017-07-30T06:38:54.799000Z,2592.36,54.442999,60.48934023999999
2017-07-30T06:39:03.900000Z,2589.95,42.10214556000001,230.58699035999985
2017-07-30T06:39:16.408000Z,2592.72,64.52284555999996,233.56972909999993
2017-07-30T06:39:26.636000Z,2586.36,58.996675049999986,245.2638800499998
2017-07-30T06:39:35.893000Z,2586.49,68.62095050999999,244.05142105999985
2017-07-30T06:39:46.102000Z,2588.35,65.68382832999998,243.24235866999987
2017-07-30T06:39:46.102000Z,2588.35,65.50091907999999,239.80315966999987
2017-07-30T06:39:46.102000Z,2588.35,65.60814216000001,258.60654756999986
2017-07-30T06:40:14.195000Z,2592.78,67.91307228000004,274.28481307999994
2017-07-30T06:40:20.795000Z,2596.89,64.79227127999998,43.291991010000004
2017-07-30T06:40:35.838000Z,2594.87,64.22427127999998,55.90678612000001
2017-07-30T06:40:46.229000Z,2600.05,67.22791697000001,494.7738086899997
2017-07-30T06:40:50.476000Z,2601.82,66.67951697,490.4795284399997
2017-07-30T06:41:03.395000Z,2602.2,63.735824729999976,490.5107143999997
2017-07-30T06:41:13.575000Z,2603.13,64.03562472999997,472.8377996999997
2017-07-30T06:41:13.575000Z,2603.13,63.97071696999997,482.5585996999997
2017-07-30T06:41:34.628000Z,2609.47,67.58296655999995,310.2951304799998
2017-07-30T06:41:44.956000Z,2611.76,51.83065238999999,299.6048647999998
2017-07-30T06:41:50.872000Z,2611.76,52.96292181999997,296.31381297999997
2017-07-30T06:41:50.872000Z,2611.76,42.51905239,291.73644548
2017-07-30T06:42:16.553000Z,2613.67,57.45142560999998,296.35134144999995
2017-07-30T06:42:25.094000Z,2613.2,43.148826899999996,319.5027584499998
2017-07-30T06:42:33.238000Z,2613.39,35.172825610000004,35.62462354999999
2017-07-30T06:42:33.238000Z,2613.39,31.98640587000002,303.8289439699999
2017-07-30T06:42:48.051000Z,2613.35,32.915491650000014,295.22695764999986
2017-07-30T06:42:48.051000Z,2613.35,30.568472110000027,294.56338499999987
2017-07-30T06:42:48.051000Z,2613.35,31.384672110000025,294.14740416999996
2017-07-30T06:43:19.417000Z,2613.36,44.56480504999999,294.8980244899999
2017-07-30T06:43:19.417000Z,2613.36,45.47938535,294.9966261699999
2017-07-30T06:43:19.417000Z,2613.36,47.101005089999994,45.42140649
2017-07-30T06:43:50.933000Z,2613.36,47.065105089999996,294.87791116999995
2017-07-30T06:44:03.753000Z,2613.35,46.01030735,299.46814877999986
2017-07-30T06:44:10.915000Z,2613.35,42.06850735,294.02610477999997
2017-07-30T06:44:22.409000Z,2613.36,46.55222708999999,294.08563377999997
2017-07-30T06:44:33.406000Z,2613.35,46.942605089999994,293.05656482
2017-07-30T06:44:33.406000Z,2613.35,48.97749909,293.00382981999996
2017-07-30T06:44:53.051000Z,2613.1,53.10225809000001,291.9335128199999
2017-07-30T06:45:04.668000Z,2610.0,41.60235883,287.68261216999986
2017-07-30T06:45:16.479000Z,2610.0,53.17105808999999,282.5024666799999
2017-07-30T06:45:24.568000Z,2610.01,52.86641230000001,280.7799285399999
2017-07-30T06:45:30.146000Z,2610.0,48.914126519999996,289.6589352199999
2017-07-30T06:45:44.871000Z,2610.0,50.37454457,290.74472280999987
2017-07-30T06:45:55.768000Z,2604.41,49.54285546,295.6336880699999
2017-07-30T06:45:57.239000Z,2606.2,39.290997410000024,284.3342894999998
2017-07-30T06:45:57.239000Z,2606.2,38.26505486000001,478.5426010499998
2017-07-30T06:45:57.239000Z,2606.2,38.79505486000002,282.1556137299999
2017-07-30T06:46:28.930000Z,2605.22,38.65605486000001,477.2499417299999
2017-07-30T06:46:28.930000Z,2605.22,41.39006669000001,278.14725372999993
2017-07-30T06:46:28.930000Z,2605.22,33.25906669000001,276.8248327299999
2017-07-30T06:46:58.394000Z,2605.23,35.69797333000001,277.2508327299999
2017-07-30T06:46:58.394000Z,2605.23,36.402493809999996,280.7858327299999
2017-07-30T06:46:58.394000Z,2605.23,39.76449381000001,34.57622746
2017-07-30T06:47:34.715000Z,2605.22,38.22560759000001,40.53168534000001
2017-07-30T06:47:34.715000Z,2605.22,41.24060759000001,43.512913340000004
2017-07-30T06:47:47.203000Z,2605.22,45.787520519999994,43.361195339999995
2017-07-30T06:48:01.150000Z,2605.22,41.00752051999997,35.30803234
2017-07-30T06:48:11.547000Z,2605.22,41.50752051999997,37.22495768
2017-07-30T06:48:17.223000Z,2605.23,54.31252051999998,42.99659267999999
2017-07-30T06:48:32.613000Z,2605.23,51.704022519999974,29.551520680000003
2017-07-30T06:48:32.613000Z,2605.23,50.70402251999997,40.024760679999986
2017-07-30T06:48:53.466000Z,2619.2,75.41374635999998,104.66203424000014
2017-07-30T06:49:03.866000Z,2622.16,60.56340549999999,77.47873124000016
2017-07-30T06:49:15.786000Z,2622.15,69.20637935999999,84.17136542000007
2017-07-30T06:49:24.658000Z,2620.04,58.0869415,88.11276442000006
2017-07-30T06:49:35.226000Z,2622.03,61.586124979999994,111.94021808000012
2017-07-30T06:49:35.226000Z,2622.03,63.30322449999998,99.47721942000011
2017-07-30T06:49:35.226000Z,2622.03,62.8972665,100.35004308000012
2017-07-30T06:50:06.853000Z,2620.3,64.79113042000002,92.26411050000017
2017-07-30T06:50:15.486000Z,2620.28,58.816044020000014,93.39818550000015
2017-07-30T06:50:15.486000Z,2620.28,55.1099118,97.80415750000014
2017-07-30T06:50:31.933000Z,2620.25,59.3983517,93.82890150000016
2017-07-30T06:50:38.123000Z,2620.25,101.89217554000005,109.45710150000014
2017-07-30T06:50:49.062000Z,2620.26,105.01355237000007,91.08821784000013
2017-07-30T06:51:02.048000Z,2620.26,99.83217554000008,92.45808184000013
2017-07-30T06:51:13.537000Z,2620.0,99.34840483000006,85.30027084000005
2017-07-30T06:51:13.537000Z,2620.0,105.50140483000006,87.24627084000007
2017-07-30T06:51:36.860000Z,2620.0,74.87162952000001,90.99546984000008
2017-07-30T06:51:36.860000Z,2620.0,100.88917554000005,90.45247084000007
2017-07-30T06:51:53.413000Z,2620.0,102.18797894000006,85.13718028000007
2017-07-30T06:52:00.684000Z,2620.0,103.87494672000007,87.51240128000008
2017-07-30T06:52:15.501000Z,2620.0,99.12374072000007,84.00890127999996
2017-07-30T06:52:25.185000Z,2620.0,99.04974072000007,77.51654827999998
2017-07-30T06:52:35.376000Z,2620.0,109.3744467200001,68.43797428
2017-07-30T06:52:45.446000Z,2620.0,64.45724992999999,57.87735927999996
2017-07-30T06:52:55.994000Z,2620.0,63.13714992999997,56.01057427999996
2017-07-30T06:53:06.184000Z,2620.0,65.97524992999998,57.47213353
2017-07-30T06:53:14.776000Z,2620.01,109.72081240000011,64.60980138000004
2017-07-30T06:53:26.381000Z,2620.0,105.60123829000007,27.32683952
2017-07-30T06:53:31.135000Z,2619.77,104.69333829000007,25.367678419999997
2017-07-30T06:53:46.159000Z,2617.81,63.95692287999997,37.802142
2017-07-30T06:53:56.280000Z,2603.23,63.586752689999976,41.51172043999999
2017-07-30T06:54:05.412000Z,2609.47,52.893552689999986,47.00359203
2017-07-30T06:54:12.835000Z,2620.2,58.51036189999999,123.19891296000013
2017-07-30T06:54:24.746000Z,2620.25,44.090843279999994,118.04740044000015
2017-07-30T06:54:33.559000Z,2621.94,44.07524055999999,120.87274597000012
2017-07-30T06:54:33.559000Z,2621.94,49.659733290000005,110.39333653000013
2017-07-30T06:54:33.559000Z,2621.94,49.819633290000006,121.64157334000012
2017-07-30T06:54:33.559000Z,2621.94,49.865833290000005,114.31619100000012
2017-07-30T06:55:07.184000Z,2621.93,49.856833290000004,109.89298919000012
2017-07-30T06:55:19.949000Z,2622.0,54.77643329000001,107.74758500000013
2017-07-30T06:55:19.949000Z,2622.0,54.18085918000001,108.78978500000014
2017-07-30T06:55:19.949000Z,2622.0,54.71185917999999,112.08788500000014
2017-07-30T06:55:55.957000Z,2622.0,54.992854859999994,133.08297334000014
2017-07-30T06:56:03.932000Z,2622.18,62.30662005000001,127.16640044000016
2017-07-30T06:56:06.971000Z,2622.18,55.156093679999984,131.61310044000015
2017-07-30T06:56:26.177000Z,2622.18,57.05492993999999,125.58729100000015
2017-07-30T06:56:36.079000Z,2622.18,55.150825,125.85629100000013
2017-07-30T06:56:46.010000Z,2626.2,47.680172499999976,122.0212960000001
2017-07-30T06:56:54.105000Z,2626.01,46.659859339999976,115.0777960000001
2017-07-30T06:57:02.039000Z,2626.19,48.70377934,113.34029600000007
2017-07-30T06:57:02.039000Z,2626.19,49.63157933999999,115.97189600000009
2017-07-30T06:57:25.249000Z,2626.01,52.323679339999984,117.96577892000013
2017-07-30T06:57:32.428000Z,2622.87,55.044179339999985,116.71929600000013
2017-07-30T06:57:32.428000Z,2622.87,56.460679339999984,117.64678000000018
2017-07-30T06:57:56.730000Z,2622.55,60.05967933999998,118.09978000000017
2017-07-30T06:58:05.305000Z,2622.56,62.07774578999999,112.37308500000015
2017-07-30T06:58:07.366000Z,2622.57,61.37708648999999,117.63418500000013
2017-07-30T06:58:23.530000Z,2626.2,53.02798852999999,119.73846600000013
2017-07-30T06:58:27.843000Z,2626.2,52.640388529999974,119.12826600000011
2017-07-30T06:58:27.843000Z,2626.2,53.83948852999998,113.49296600000008
2017-07-30T06:58:27.843000Z,2626.2,55.66798852999999,123.30698469000006
2017-07-30T06:58:59.402000Z,2626.19,57.187788529999985,121.81898469000011
2017-07-30T06:58:59.402000Z,2626.19,54.51648852999999,122.12227916000009
2017-07-30T06:58:59.402000Z,2626.19,53.332688529999984,121.2635846900001
2017-07-30T06:59:34.431000Z,2625.64,56.54588852999999,120.1170234500001
2017-07-30T06:59:34.431000Z,2625.64,50.59758852999998,121.57684385000009
2017-07-30T06:59:56.265000Z,2625.66,50.127840089999985,123.80179985000008
2017-07-30T07:00:03.926000Z,2626.17,49.535510989999985,124.9735706900001
2017-07-30T07:00:16.734000Z,2626.17,51.42298798999998,125.0545204000001
2017-07-30T07:00:24.820000Z,2627.5,39.030940089999994,134.04760756
2017-07-30T07:00:35.321000Z,2631.2,34.446179290000025,44.392660559999996
2017-07-30T07:00:44.408000Z,2633.81,35.86198038000002,44.49587326
2017-07-30T07:00:53.793000Z,2633.27,37.215645470000005,146.97657126
2017-07-30T07:01:06.525000Z,2633.77,35.328745470000015,54.472648259999985
2017-07-30T07:01:06.525000Z,2633.77,35.423940160000015,44.02123126
2017-07-30T07:01:06.525000Z,2633.77,33.49544547000002,53.99315425999999
2017-07-30T07:01:06.525000Z,2633.77,41.89119391000001,38.3867844
2017-07-30T07:01:43.116000Z,2633.76,39.89389391,36.0769144
2017-07-30T07:01:43.116000Z,2633.76,39.75829391,31.285414400000004
2017-07-30T07:02:05.140000Z,2633.69,37.46129391,49.19571439999999
2017-07-30T07:02:08.892000Z,2627.25,36.79709490999999,141.26423540000002
2017-07-30T07:02:08.892000Z,2627.25,39.21780312999999,131.7212824
2017-07-30T07:02:08.892000Z,2627.25,39.16143331,131.44248240000002
2017-07-30T07:02:42.146000Z,2626.99,50.854868270000004,125.73361740000009
2017-07-30T07:02:53.921000Z,2625.93,48.02188143,121.6440823500001
2017-07-30T07:03:01.865000Z,2625.98,46.14628142999998,110.89364035000008
2017-07-30T07:03:11.567000Z,2626.74,39.98273331,116.4878403500001
2017-07-30T07:03:26.678000Z,2626.01,46.65858727999998,129.94899868000007
2017-07-30T07:03:26.678000Z,2626.01,44.35006139,132.54859868000005
2017-07-30T07:03:43.474000Z,2627.0,46.88326139,125.44087149000012
2017-07-30T07:03:55.022000Z,2626.0,42.275723709999994,130.55047149000012
2017-07-30T07:04:04.451000Z,2627.6,43.51342371,143.1821547499998
2017-07-30T07:04:14.438000Z,2627.59,40.779723710000006,140.7984607499998
2017-07-30T07:04:16.975000Z,2627.57,38.54882611,126.21777775000011
2017-07-30T07:04:35.791000Z,2627.54,39.171452,135.43951794000003
2017-07-30T07:04:45.320000Z,2627.55,42.137126110000004,134.71273066000006
2017-07-30T07:04:51.333000Z,2627.54,42.09312611,122.68604553000013
2017-07-30T07:05:01.423000Z,2622.26,61.87824959999998,120.38565582000011
2017-07-30T07:05:16.614000Z,2621.9,42.51293098,131.01982182000015
2017-07-30T07:05:17.001000Z,2621.9,90.06216001000001,128.12400536000013
2017-07-30T07:05:17.001000Z,2621.9,46.51448265,116.19665568000009
2017-07-30T07:05:36.986000Z,2621.9,47.41548265,117.3238219900001
2017-07-30T07:05:51.842000Z,2621.9,49.20078265,115.26249894000009
2017-07-30T07:05:51.842000Z,2621.9,49.22088264999999,116.0536989400001
2017-07-30T07:06:10.893000Z,2621.9,47.975882649999996,114.03388191000008
2017-07-30T07:06:19.215000Z,2621.91,52.61681127,118.33791279000009
2017-07-30T07:06:34.085000Z,2621.91,51.65785655999999,116.73816379000009
2017-07-30T07:06:37.843000Z,2621.91,50.56135655999999,119.19253425000008
2017-07-30T07:06:51.006000Z,2621.9,54.33315655999999,115.49083511000009
2017-07-30T07:06:51.006000Z,2621.9,53.47225655999999,111.4514941100001
2017-07-30T07:07:07.040000Z,2621.91,56.58206214,108.86103111000008
2017-07-30T07:07:22.406000Z,2621.91,55.540262139999996,113.40311794000009
2017-07-30T07:07:36.909000Z,2623.45,57.53413402999998,114.73388480000007
2017-07-30T07:07:44.476000Z,2625.2,44.20491761,112.94682600000009
2017-07-30T07:07:53.798000Z,2627.09,46.95221760999999,122.22427140000008
2017-07-30T07:07:53.798000Z,2627.09,46.69333898999999,123.58007200000009
2017-07-30T07:08:15.728000Z,2627.05,41.878928560000006,125.08391292000009
2017-07-30T07:08:25.142000Z,2627.05,35.72542856,126.6796969200001
2017-07-30T07:08:27.186000Z,2627.05,36.23589656,123.04097192000009
2017-07-30T07:08:46.698000Z,2627.19,40.30174375,128.59187192000002
2017-07-30T07:08:56.582000Z,2630.0,43.65924375,122.71749655000006
2017-07-30T07:08:56.582000Z,2630.0,38.989130590000016,125.73119692000006
2017-07-30T07:08:56.582000Z,2630.0,41.50223059,127.22829692000003
2017-07-30T07:08:56.582000Z,2630.0,42.725230589999995,127.53240431000002
2017-07-30T07:09:29.406000Z,2627.97,39.83402959,129.54837831000006
2017-07-30T07:09:29.406000Z,2627.97,39.34914375,127.64427831000003
2017-07-30T07:09:29.406000Z,2627.97,40.82914375,129.0354783099999
2017-07-30T07:09:59.162000Z,2628.27,39.99263059,128.88105755000004
2017-07-30T07:10:09.165000Z,2628.98,35.79404375,122.71805755000003
2017-07-30T07:10:25.312000Z,2629.22,34.063042749999994,131.10472481
2017-07-30T07:10:30.698000Z,2629.15,40.19216864,129.81841665000005
2017-07-30T07:10:30.698000Z,2629.15,26.024445470000007,128.46745581000005
2017-07-30T07:10:50.572000Z,2629.0,29.005740710000012,124.9802283200001
2017-07-30T07:11:02.313000Z,2629.0,37.85375246,129.13938581000008
2017-07-30T07:11:02.313000Z,2629.0,42.60495246,127.70447311000011
2017-07-30T07:11:02.313000Z,2629.0,31.038952460000004,122.7284319700001
2017-07-30T07:11:33.703000Z,2629.0,30.22717835000001,121.2321319700001
2017-07-30T07:11:33.703000Z,2629.0,34.959278350000005,128.9851956500001
2017-07-30T07:11:33.703000Z,2629.0,31.566278350000005,124.0121956500001
2017-07-30T07:12:05.727000Z,2629.01,38.77397835000001,121.6134956500001
2017-07-30T07:12:05.727000Z,2629.01,37.54587835000001,120.1934956500001
2017-07-30T07:12:05.727000Z,2629.01,43.33924474,120.7806074400001
2017-07-30T07:12:36.526000Z,2629.04,27.841273990000012,124.4335274200001
2017-07-30T07:12:36.526000Z,2629.04,29.636373990000006,119.7886047900001
2017-07-30T07:12:36.526000Z,2629.04,27.677348100000007,128.29171128000004
2017-07-30T07:12:36.526000Z,2629.04,27.211248100000006,130.25071128000008
2017-07-30T07:13:07.562000Z,2629.05,26.954573990000007,132.15331128
2017-07-30T07:13:07.562000Z,2629.05,26.589048100000007,128.92703581000004
2017-07-30T07:13:07.562000Z,2629.05,27.04204810000001,134.91303581
2017-07-30T07:13:42.564000Z,2629.04,26.896473990000004,131.87387509999996
2017-07-30T07:13:42.564000Z,2629.04,27.99524810000001,131.22306210000005
2017-07-30T07:13:42.564000Z,2629.04,27.64024810000001,130.07913649000002
2017-07-30T07:14:10.745000Z,2629.26,27.79553137000001,121.64033649000005
2017-07-30T07:14:18.573000Z,2629.26,36.735940710000015,127.30133649000007
2017-07-30T07:14:18.573000Z,2629.26,36.84594071000001,129.82368938000002
2017-07-30T07:14:41.686000Z,2629.09,36.38584071,121.93168938000004
2017-07-30T07:14:41.686000Z,2629.09,37.46584071,119.45268992000007
2017-07-30T07:14:57.289000Z,2629.24,28.82474071000001,128.70268992000007
2017-07-30T07:15:07.318000Z,2629.28,33.91468019000001,122.17068992000006
2017-07-30T07:15:25.923000Z,2629.28,41.92423683000002,123.38188992000005
2017-07-30T07:15:36.533000Z,2629.53,33.89458019000001,122.40468992000007
2017-07-30T07:15:44.354000Z,2629.0,34.49048093000002,128.08121499000006
2017-07-30T07:15:44.354000Z,2629.0,34.17906777000001,123.77461499000003
2017-07-30T07:15:44.354000Z,2629.0,34.09226732000002,118.73781499000005
2017-07-30T07:16:16.500000Z,2629.01,35.26202047000001,117.19931499000008
2017-07-30T07:16:16.500000Z,2629.01,35.26673363000002,119.96709469000007
2017-07-30T07:16:16.500000Z,2629.01,36.00153157000001,120.06857016000008
2017-07-30T07:16:46.654000Z,2629.01,35.124010800000015,119.96149046000006
2017-07-30T07:16:49.107000Z,2629.01,34.76806573000002,114.26969046000008
2017-07-30T07:16:49.107000Z,2629.01,35.279478890000014,115.47419046000007
2017-07-30T07:16:49.107000Z,2629.01,46.24406573000001,119.03229046000006
2017-07-30T07:17:17.975000Z,2629.01,46.78657889000001,118.57309046000006
2017-07-30T07:17:17.975000Z,2629.01,41.679267790000004,126.68751499000008
2017-07-30T07:17:17.975000Z,2629.01,40.67926779,125.14551499000008
2017-07-30T07:17:49.249000Z,2629.0,45.00523062,126.6155149900001
2017-07-30T07:18:00.803000Z,2629.01,43.622675529999995,132.52841499000002
2017-07-30T07:18:00.803000Z,2629.01,38.32727553000001,125.20251499000008
2017-07-30T07:18:20.503000Z,2629.01,30.01833266000001,118.28361499000006
2017-07-30T07:18:20.503000Z,2629.01,43.18283266000002,122.64461499000008
2017-07-30T07:18:20.503000Z,2629.01,46.585132660000006,125.27061499000008
2017-07-30T07:18:51.749000Z,2629.01,49.21223266000002,124.36841499000009
2017-07-30T07:19:00.448000Z,2629.01,41.40066483000002,119.62044299000007
2017-07-30T07:19:00.448000Z,2629.01,42.48166483000002,120.91163299000006
2017-07-30T07:19:23.053000Z,2629.01,37.787364830000016,124.38268099000005
2017-07-30T07:19:23.053000Z,2629.01,42.62006483000001,127.76633399000006
2017-07-30T07:19:23.053000Z,2629.01,34.950069590000005,125.52236399000006
2017-07-30T07:19:54.580000Z,2629.0,39.58106959000001,122.76426399000006
2017-07-30T07:19:54.580000Z,2629.0,37.547364830000014,128.46526399
2017-07-30T07:19:54.580000Z,2629.0,37.55346483000002,123.26938199000008
2017-07-30T07:19:54.580000Z,2629.0,43.94956483000001,123.42638199000007
2017-07-30T07:19:54.580000Z,2629.0,33.06496959000001,123.55088199000006
2017-07-30T07:20:45.590000Z,2629.01,32.44253267,122.10068199000004
2017-07-30T07:20:56.327000Z,2629.01,33.58430320000001,120.84248199000007
2017-07-30T07:21:01.924000Z,2629.17,31.99246777000001,129.25818199000008
2017-07-30T07:21:14.809000Z,2629.16,29.77868093000001,126.89098199000006
2017-07-30T07:21:14.809000Z,2629.16,29.56548093000001,123.35698199000007
2017-07-30T07:21:27.795000Z,2629.0,35.84232124000002,118.65560156000008
2017-07-30T07:21:39.401000Z,2629.12,39.198980930000005,126.65630156000007
2017-07-30T07:21:51.379000Z,2629.01,35.82248093000002,125.57230156000007
2017-07-30T07:22:05.411000Z,2629.17,32.94348093000002,124.06008199000009
2017-07-30T07:22:05.411000Z,2629.17,31.812480930000014,127.26008199000007
2017-07-30T07:22:05.411000Z,2629.17,31.984480930000018,121.51208199000008
2017-07-30T07:22:30.158000Z,2629.0,46.46888093000001,120.07408199000007
2017-07-30T07:22:30.158000Z,2629.0,31.40688093000001,126.69594599000007
2017-07-30T07:22:30.158000Z,2629.0,30.97148093000001,127.17364799000009
2017-07-30T07:23:01.645000Z,2629.2,37.08258193000001,126.68555699000007
2017-07-30T07:23:01.645000Z,2629.2,37.93358193000002,124.91747956000006
2017-07-30T07:23:01.645000Z,2629.2,31.89258193000001,118.72600256000005
2017-07-30T07:23:32.740000Z,2624.17,30.67738193000001,120.48809001000009
2017-07-30T07:23:40.201000Z,2625.2,33.788681929999996,111.25306178000011
2017-07-30T07:23:40.201000Z,2625.2,32.93478192999999,108.66262183000009
2017-07-30T07:24:04.213000Z,2625.41,36.03578193,110.4864175700001
2017-07-30T07:24:04.213000Z,2625.41,33.03620782000001,107.3740660400001
2017-07-30T07:24:19.649000Z,2620.65,23.672689200000004,247.0924106800001
2017-07-30T07:24:35.260000Z,2620.89,32.15760782000001,243.3368126800001
2017-07-30T07:24:35.260000Z,2620.89,41.830584689999995,162.4367921399998
2017-07-30T07:24:47.112000Z,2621.79,36.81958469,112.29698968000011
2017-07-30T07:25:06.668000Z,2622.55,38.07720782,108.99470268000012
2017-07-30T07:25:06.668000Z,2622.55,42.27420782,109.4284411400001
2017-07-30T07:25:06.668000Z,2622.55,33.21228920000001,107.35244114000011
2017-07-30T07:25:06.668000Z,2622.55,33.21620782,106.84960268000012
2017-07-30T07:25:38.239000Z,2622.31,34.92320782000001,106.9216026800001
2017-07-30T07:25:38.239000Z,2622.31,24.614289200000005,102.6547080000001
2017-07-30T07:25:38.239000Z,2622.31,44.440964390000005,108.13550268000012
2017-07-30T07:26:13.643000Z,2622.55,33.35690782000001,240.6545106800001
2017-07-30T07:26:13.643000Z,2622.55,33.74530782000001,110.07256468000011
2017-07-30T07:26:13.643000Z,2622.55,43.82897000000001,110.42366468000012
2017-07-30T07:26:40.598000Z,2622.57,25.07697651000001,110.28306468000011
2017-07-30T07:26:40.598000Z,2622.57,43.94597651000001,108.88197000000011
2017-07-30T07:26:40.598000Z,2622.57,35.57099513000001,108.2349700000001
2017-07-30T07:27:10.520000Z,2622.58,32.46296924,109.50150314000011
2017-07-30T07:27:10.520000Z,2622.58,32.60339513,109.51150314000012
2017-07-30T07:27:10.520000Z,2622.58,35.23396924,111.3449700000001
2017-07-30T07:27:10.520000Z,2622.58,33.01836924,117.96326468000011
2017-07-30T07:27:10.520000Z,2622.58,33.53436924,116.99316468000009
2017-07-30T07:28:01.603000Z,2622.58,32.36146924,119.43063900000008
2017-07-30T07:28:01.603000Z,2622.58,32.33346924,119.8252100000001
2017-07-30T07:28:23.389000Z,2622.58,29.817173470000007,122.91768800000008
2017-07-30T07:28:23.389000Z,2622.58,29.817173470000007,120.94819714000009
2017-07-30T07:28:45.825000Z,2622.58,29.79647247000002,124.93384468000009
2017-07-30T07:28:52.974000Z,2622.58,29.31146947000001,122.92036414000009
2017-07-30T07:28:58.499000Z,2622.58,26.420781930000004,121.00980400000007
2017-07-30T07:28:58.499000Z,2622.58,28.063533950000007,119.48605700000007
2017-07-30T07:29:20.098000Z,2630.0,28.199603100000015,146.16674999999978
2017-07-30T07:29:20.098000Z,2630.0,30.339603100000016,141.01045033999995
2017-07-30T07:29:39.851000Z,2631.37,31.658495640000016,139.36580599999994
2017-07-30T07:29:55.043000Z,2631.38,30.937580060000013,144.68509579999994
2017-07-30T07:30:03.296000Z,2632.07,30.178200430000015,46.13893136000001
2017-07-30T07:30:16.392000Z,2632.08,34.674500430000016,51.26951363000001
2017-07-30T07:30:20.268000Z,2632.19,32.24115318000002,48.97957928000001
2017-07-30T07:30:20.268000Z,2632.19,31.201153180000016,151.84864585999995
2017-07-30T07:30:42.820000Z,2634.5,31.616994320000014,38.451602949999995
2017-07-30T07:30:42.820000Z,2634.5,30.605723360000013,50.08374774
2017-07-30T07:30:59.880000Z,2634.9,28.51643197000001,37.68534774
2017-07-30T07:31:14.328000Z,2634.9,28.953431970000015,36.21757841
2017-07-30T07:31:23.074000Z,2634.9,29.777302930000012,34.393956820000014
2017-07-30T07:31:31.755000Z,2634.9,30.56430293000001,48.13535451
2017-07-30T07:31:45.850000Z,2639.67,44.90224953,43.91067981999999
2017-07-30T07:31:55.721000Z,2639.65,34.05774953,37.161032999999996
2017-07-30T07:32:05.188000Z,2639.67,34.37179418,34.47519937
2017-07-30T07:32:15.986000Z,2639.5,39.89099124999999,38.059299370000005
2017-07-30T07:32:26.119000Z,2640.0,41.488053459999996,35.703248370000004
2017-07-30T07:32:28.762000Z,2640.0,41.253873459999994,33.59534848
2017-07-30T07:32:44.998000Z,2640.0,43.17960346,37.12836203
2017-07-30T07:32:49.761000Z,2639.25,45.23060346,35.94808637000001
2017-07-30T07:32:57.658000Z,2639.26,38.113703459999996,43.271135480000005
2017-07-30T07:33:11.535000Z,2640.0,41.013703459999995,36.20254235
2017-07-30T07:33:11.535000Z,2640.0,38.994903459999996,40.77889551
2017-07-30T07:33:32.059000Z,2639.93,42.71101532,40.43892334999999
2017-07-30T07:33:32.059000Z,2639.93,39.34977532,33.65995751
2017-07-30T07:33:55.061000Z,2639.32,38.35057532,37.324066099999996
2017-07-30T07:34:00.618000Z,2639.99,39.83957346,30.76396768000001
2017-07-30T07:34:14.932000Z,2639.77,41.22873346,20.098811339999994
2017-07-30T07:34:17.670000Z,2639.95,41.656164919999995,20.616774869999997
2017-07-30T07:34:32.029000Z,2639.98,49.29916492,26.146479899999996
2017-07-30T07:34:32.029000Z,2639.98,45.76436492,23.155854899999998
2017-07-30T07:34:32.029000Z,2639.98,40.78330491999999,25.572809930000005
2017-07-30T07:35:03.039000Z,2639.98,48.39310491999999,29.522809930000005
2017-07-30T07:35:12.157000Z,2639.97,43.68700491999999,21.762809930000003
2017-07-30T07:35:12.157000Z,2639.97,48.445674919999995,25.21690993
2017-07-30T07:35:34.281000Z,2639.98,43.19155933999999,21.66790993
2017-07-30T07:35:34.281000Z,2639.98,43.89925933999999,21.377909929999998
2017-07-30T07:35:56.236000Z,2639.98,42.92092879999999,23.187909929999996
2017-07-30T07:36:05.645000Z,2639.99,43.59015903999999,20.48599266
2017-07-30T07:36:05.645000Z,2639.99,45.58337903999999,25.17397408
2017-07-30T07:36:05.645000Z,2639.99,68.50293216,20.291599080000005
2017-07-30T07:36:05.645000Z,2639.99,43.79337904,19.917298810000002
2017-07-30T07:36:37.089000Z,2640.0,56.64499904,29.06409881
2017-07-30T07:36:37.089000Z,2640.0,44.47076904,20.15101608
2017-07-30T07:36:37.089000Z,2640.0,47.182469039999994,19.130916080000006
2017-07-30T07:37:08.443000Z,2640.0,40.66996903999999,17.501916080000004
2017-07-30T07:37:08.443000Z,2640.0,44.62096904,20.14191581000001
2017-07-30T07:37:08.443000Z,2640.0,51.044969040000005,21.779215810000007
2017-07-30T07:37:39.487000Z,2640.0,47.862980949999994,16.777707810000003
2017-07-30T07:37:39.487000Z,2640.0,41.878695019999995,17.28797164
2017-07-30T07:37:39.487000Z,2640.0,46.762695019999995,19.233071639999995
2017-07-30T07:38:11.166000Z,2640.0,41.16891501999999,18.918170640000003
2017-07-30T07:38:11.166000Z,2640.0,41.188825019999996,23.36198856
2017-07-30T07:38:32.813000Z,2639.99,42.878825019999994,21.994888560000003
2017-07-30T07:38:42.559000Z,2641.33,38.31347436999999,22.869307559999996
2017-07-30T07:38:42.559000Z,2641.33,39.89247436999999,18.87471956
2017-07-30T07:38:42.559000Z,2641.33,41.04357436999998,16.991351559999995
2017-07-30T07:39:13.863000Z,2639.95,45.970438679999994,21.352799560000012
2017-07-30T07:39:24.594000Z,2641.18,39.30307436999999,23.310835560000008
2017-07-30T07:39:24.594000Z,2641.18,40.99783867999999,16.279573969999994
2017-07-30T07:39:45.047000Z,2641.05,40.98407436999999,19.035033800000004
2017-07-30T07:39:45.047000Z,2641.05,40.92917436999999,17.038507969999998
2017-07-30T07:39:45.047000Z,2641.05,41.14457436999999,17.393799799999993
2017-07-30T07:39:45.047000Z,2641.05,41.136374369999984,17.576260969999996
2017-07-30T07:40:17.707000Z,2641.14,42.80109809999999,15.786251799999995
2017-07-30T07:40:33.805000Z,2641.19,41.799298099999994,12.842263969999996
2017-07-30T07:40:33.805000Z,2641.19,40.910498099999984,7.713103969999994
2017-07-30T07:40:48.347000Z,2641.27,42.14339809999999,14.044356969999995
2017-07-30T07:40:48.347000Z,2641.27,60.73942759999999,14.247195969999995
2017-07-30T07:40:48.347000Z,2641.27,40.90019809999999,18.49708142
2017-07-30T07:41:19.418000Z,2641.32,40.15199809999999,17.463770590000003
2017-07-30T07:41:19.418000Z,2641.32,39.980598099999995,13.475910389999997
2017-07-30T07:41:19.418000Z,2641.32,41.8804981,12.250443389999996
2017-07-30T07:41:50.175000Z,2643.2,57.60618728999999,18.305084419999996
2017-07-30T07:42:06.746000Z,2641.21,57.595540889999995,13.854184419999994
2017-07-30T07:42:06.746000Z,2641.21,51.143395399999996,17.45605942
2017-07-30T07:42:21.629000Z,2641.2,40.47536115999999,20.540763420000005
2017-07-30T07:42:21.629000Z,2641.2,50.139296849999994,14.876167419999996
2017-07-30T07:42:21.629000Z,2641.2,50.139296849999994,21.326167419999997
2017-07-30T07:42:52.841000Z,2641.21,52.10069684999999,18.84621742000001
2017-07-30T07:42:52.841000Z,2641.21,64.20246074999999,15.571117419999997
2017-07-30T07:42:52.841000Z,2641.21,65.20259055999999,20.939953589999995
2017-07-30T07:43:24.108000Z,2641.21,68.26947589,18.631317420000006
2017-07-30T07:43:33.812000Z,2644.2,53.904132379999986,17.229289900000005
2017-07-30T07:43:33.812000Z,2644.2,52.31413237999999,17.99990942
2017-07-30T07:43:55.300000Z,2644.18,102.27004418000004,21.698589090000002
2017-07-30T07:43:55.300000Z,2644.18,100.51704418000004,19.896117420000003
2017-07-30T07:43:55.300000Z,2644.18,100.51704418000004,28.548257189999998
2017-07-30T07:44:26.668000Z,2644.2,100.42134418000005,26.383257189999995
2017-07-30T07:44:26.668000Z,2644.2,101.42134418000005,19.083965190000004
2017-07-30T07:44:26.668000Z,2644.2,101.42134418000005,21.403625190000003
2017-07-30T07:44:26.668000Z,2644.2,102.56134418000003,21.422125190000006
2017-07-30T07:44:57.682000Z,2644.2,102.61584418000004,20.59941719
2017-07-30T07:44:57.682000Z,2644.2,106.02906914000005,18.998231090000008
2017-07-30T07:44:57.682000Z,2644.2,106.17306914000004,18.083423090000004
2017-07-30T07:45:29.182000Z,2644.19,107.52816914000005,20.79699957
2017-07-30T07:45:29.182000Z,2644.19,96.58534314,20.852799570000013
2017-07-30T07:45:29.182000Z,2644.19,96.49114314,24.15214418000002
2017-07-30T07:46:00.320000Z,2644.2,95.46564314000001,23.072352180000014
2017-07-30T07:46:00.320000Z,2644.2,95.46564314000001,23.05485218000001
2017-07-30T07:46:00.320000Z,2644.2,95.46564314000001,23.35692170000002
2017-07-30T07:46:31.284000Z,2644.2,95.29714314000002,22.99650411000001
2017-07-30T07:46:31.284000Z,2644.2,95.29714314000002,23.118952320000012
2017-07-30T07:46:55.326000Z,2644.2,95.09981677,23.04975232000001
2017-07-30T07:47:02.853000Z,2644.49,94.54831677000001,23.54065207000002
2017-07-30T07:47:02.853000Z,2644.49,94.54831677000001,24.899771330000025
2017-07-30T07:47:02.853000Z,2644.49,94.54831677000001,24.63907859000002
2017-07-30T07:47:33.484000Z,2644.48,94.54831677000001,23.93575967000002
2017-07-30T07:47:39.797000Z,2644.49,94.51989462000002,24.00689083000002
2017-07-30T07:47:39.797000Z,2644.49,95.10889462000002,21.425181570000017
2017-07-30T07:48:05.153000Z,2644.48,95.07629462000001,19.035699210000008
2017-07-30T07:48:08.995000Z,2644.48,97.66629462,18.597578639999995
2017-07-30T07:48:24.880000Z,2639.33,97.66589462,25.52522692
2017-07-30T07:48:36.210000Z,2641.58,95.77229462,23.812577749999996
2017-07-30T07:48:43.957000Z,2642.12,95.98569462,17.463600749999998
2017-07-30T07:48:54.314000Z,2640.2,98.97009461999998,18.796707499999997
2017-07-30T07:48:54.314000Z,2640.2,96.25019305,20.466200500000003
2017-07-30T07:49:07.410000Z,2642.16,95.65669305,17.792311500000004
2017-07-30T07:49:07.410000Z,2642.16,98.55939305,25.655260500000004
2017-07-30T07:49:07.410000Z,2642.16,98.62069305,22.309055500000003
2017-07-30T07:49:38.687000Z,2642.21,96.56888305,33.46678782000002
2017-07-30T07:49:38.687000Z,2642.21,100.99219305,23.902503450000008
2017-07-30T07:49:38.687000Z,2642.21,97.72799305,22.830901090000005
2017-07-30T07:50:10.113000Z,2640.52,89.66369304999999,27.45910109000001
2017-07-30T07:50:10.113000Z,2640.52,96.37239305,26.28710964000001
2017-07-30T07:50:10.113000Z,2640.52,86.48109305,26.553872450000007
2017-07-30T07:50:41.301000Z,2642.13,94.64359305,27.64531999
2017-07-30T07:50:41.301000Z,2642.13,94.60079305000001,26.129219990000006
2017-07-30T07:51:04.753000Z,2643.2,97.8133067,23.550019990000006
2017-07-30T07:51:12.733000Z,2643.82,97.88629305,23.44531999000001
2017-07-30T07:51:23.098000Z,2644.2,96.92613304999999,22.68711999000001
2017-07-30T07:51:35.190000Z,2644.41,100.44780304999999,27.38771999000001
2017-07-30T07:51:43.536000Z,2641.19,97.65269417,26.55250109000002
2017-07-30T07:51:43.536000Z,2641.19,97.95922492,25.753372450000015
2017-07-30T07:51:43.536000Z,2641.19,98.33528305,22.970419990000018
2017-07-30T07:52:14.970000Z,2642.2,97.52939305,25.562301090000016
2017-07-30T07:52:14.970000Z,2642.2,98.42195416999999,25.751119990000003
2017-07-30T07:52:28.772000Z,2642.66,98.37295416999999,25.181119990000003
2017-07-30T07:52:46.187000Z,2642.25,99.63039305,23.511119990000005
2017-07-30T07:52:46.187000Z,2642.25,49.504093049999994,22.694772450000002
2017-07-30T07:52:58.112000Z,2641.2,49.45669305,31.86300109
2017-07-30T07:52:58.112000Z,2641.2,42.64569305,29.800301090000005
2017-07-30T07:53:25.479000Z,2642.16,50.634254169999984,26.397301090000003
2017-07-30T07:53:33.406000Z,2642.28,50.17239304999998,28.583001090000003
2017-07-30T07:53:33.406000Z,2642.28,51.57788280999999,36.93420109000001
2017-07-30T07:53:48.097000Z,2642.27,43.02129304999999,28.063001090000007
2017-07-30T07:53:48.097000Z,2642.27,64.44523416,29.113001090000004
2017-07-30T07:53:48.097000Z,2642.27,66.13549628999999,35.95300109
2017-07-30T07:54:19.479000Z,2642.21,62.56768029,37.043001090000004
2017-07-30T07:54:19.479000Z,2642.21,61.22441928,32.09300109
2017-07-30T07:54:41.647000Z,2640.57,42.40071887999999,40.31240964
2017-07-30T07:54:50.561000Z,2640.96,42.64395888,31.99080109
2017-07-30T07:55:04.953000Z,2639.77,84.15210880999999,16.569064920000002
2017-07-30T07:55:04.953000Z,2639.77,87.73276993,16.31663775
2017-07-30T07:55:21.998000Z,2639.78,79.6792102,12.986273379999995
2017-07-30T07:55:31.781000Z,2639.55,91.01401038,15.298973919999998
2017-07-30T07:55:45.187000Z,2639.55,91.04840531,20.930266019999998
2017-07-30T07:55:56.483000Z,2639.55,92.24886737,20.859109750000002
2017-07-30T07:55:56.483000Z,2639.55,83.82212066000001,11.662626379999997
2017-07-30T07:55:56.483000Z,2639.55,82.30997275,17.92963775
2017-07-30T07:56:24.550000Z,2639.33,84.48666684,14.183173920000003
2017-07-30T07:56:24.550000Z,2639.33,81.88303387,19.925454749999997
2017-07-30T07:56:24.550000Z,2639.33,83.62542796000001,14.897244749999995
2017-07-30T07:56:55.826000Z,2639.86,84.03482795999999,18.886980920000003
2017-07-30T07:56:55.826000Z,2639.86,83.67116084,18.927656749999993
2017-07-30T07:57:40.075000Z,2639.47,83.45916084000001,18.791724749999993
2017-07-30T07:57:41.493000Z,2639.88,81.87583155,23.402689140000003
2017-07-30T07:57:54.028000Z,2639.88,81.95073155,22.52396114
2017-07-30T07:58:00.981000Z,2639.88,81.94897813,27.50700531
2017-07-30T07:58:00.981000Z,2639.88,81.95224105,30.266069140000006
2017-07-30T07:58:00.981000Z,2639.88,81.92144105000003,22.293661139999998
2017-07-30T07:58:30.342000Z,2639.88,83.25584105000002,21.315861140000003
2017-07-30T07:58:38.294000Z,2639.88,83.13844105000001,26.29686114
2017-07-30T07:58:53.443000Z,2639.87,82.94373505000002,21.439861139999998
2017-07-30T07:59:00.671000Z,2639.87,82.82393505000002,21.09786113999999
2017-07-30T07:59:00.671000Z,2639.87,82.31393505000001,18.51046114
2017-07-30T07:59:17.872000Z,2639.72,81.61252134000001,28.472416140000004
2017-07-30T07:59:32.028000Z,2639.72,81.62672734,23.787252310000003
2017-07-30T07:59:32.028000Z,2639.72,82.27442134000002,25.35841614
2017-07-30T07:59:48.873000Z,2639.88,80.94595508000002,20.16220814
2017-07-30T08:00:03.419000Z,2639.76,80.93595508000001,22.538908139999997
2017-07-30T08:00:03.419000Z,2639.76,81.80015508000001,30.251673139999994
2017-07-30T08:00:03.419000Z,2639.76,82.24626108000002,20.728962139999997
2017-07-30T08:00:34.717000Z,2639.88,81.55085508000002,33.46391213999999
2017-07-30T08:00:40.202000Z,2639.88,80.57531508,29.572912140000003
2017-07-30T08:00:49.097000Z,2639.88,82.30531508000001,23.007948310000003
2017-07-30T08:00:49.097000Z,2639.88,83.89331508000002,22.79674831
2017-07-30T08:01:08.353000Z,2639.88,81.16851508000002,21.450548310000002
2017-07-30T08:01:19.836000Z,2639.88,81.50898328000002,21.65921214
2017-07-30T08:01:19.836000Z,2639.88,82.60098328000001,21.535260060000002
2017-07-30T08:01:39.270000Z,2639.88,80.80078328,21.535260060000002
2017-07-30T08:01:39.270000Z,2639.88,80.59078328000001,22.545260060000004
2017-07-30T08:01:39.270000Z,2639.88,80.59078485,21.60626006
2017-07-30T08:02:10.706000Z,2639.87,80.61078485000002,21.935360059999997
2017-07-30T08:02:22.037000Z,2639.88,80.10078485000003,29.888987949999994
2017-07-30T08:02:22.037000Z,2639.88,81.31658485000001,25.222824120000002
2017-07-30T08:02:43.567000Z,2639.88,80.03657353000003,28.46148795
2017-07-30T08:02:43.567000Z,2639.88,80.09237353000002,25.942487950000004
2017-07-30T08:02:43.567000Z,2639.88,80.75237353000001,22.84412412
2017-07-30T08:03:12.210000Z,2639.88,80.08067353000003,24.963524120000002
2017-07-30T08:03:12.210000Z,2639.88,80.08067353000003,25.924023889999997
2017-07-30T08:03:32.939000Z,2639.95,79.23500966000002,26.999023889999997
2017-07-30T08:03:43.935000Z,2639.95,78.45520966000002,32.21421214
2017-07-30T08:03:53.749000Z,2639.95,79.34520966000001,21.494004139999998
2017-07-30T08:04:01.370000Z,2639.95,77.87763648000002,31.042092140000005
2017-07-30T08:04:15.476000Z,2639.95,77.80013648000002,22.89960914
2017-07-30T08:04:15.476000Z,2639.95,77.85593648000001,27.89581752
2017-07-30T08:04:15.476000Z,2639.95,78.47204248000001,24.952165060000002
2017-07-30T08:04:46.277000Z,2639.95,78.86763648000002,27.55932889
2017-07-30T08:04:51.294000Z,2640.0,77.90737737000002,29.52811714
2017-07-30T08:04:51.294000Z,2640.0,77.79337737,25.309354060000004
2017-07-30T08:04:51.294000Z,2640.0,88.22009532,25.675177060000003
2017-07-30T08:05:17.637000Z,2639.99,96.51609532,33.597117520000005
2017-07-30T08:05:17.637000Z,2639.99,99.44525675,28.37385052000001
2017-07-30T08:05:17.637000Z,2639.99,96.70425675000001,27.277258930000006
2017-07-30T08:05:49.045000Z,2640.0,88.23965675000001,28.43869739
2017-07-30T08:05:49.045000Z,2640.0,96.72965675,25.868844930000005
2017-07-30T08:05:49.045000Z,2640.0,96.72065675,30.968844930000003
2017-07-30T08:06:20.495000Z,2640.0,88.28795674999999,30.738224759999998
2017-07-30T08:06:32.669000Z,2640.0,87.93992155999999,25.57405439
2017-07-30T08:06:32.669000Z,2640.0,87.92992156,28.567104890000003
2017-07-30T08:06:51.821000Z,2640.0,87.18132156,24.990809520000006
2017-07-30T08:06:51.821000Z,2640.0,87.18132156,28.13039231
2017-07-30T08:06:51.821000Z,2640.0,87.18132156,24.84251731
2017-07-30T08:07:25.464000Z,2640.0,87.04342756,30.346169770000003
2017-07-30T08:07:34.565000Z,2640.0,86.32315069,28.050673139999994
2017-07-30T08:07:44.126000Z,2640.0,85.87151938999999,24.846317310000007
2017-07-30T08:07:54.443000Z,2640.0,85.73761938999999,29.824481140000003
2017-07-30T08:07:54.443000Z,2640.0,85.73761938999999,24.221317310000003
2017-07-30T08:07:54.443000Z,2640.0,84.25635196,25.234717310000008
2017-07-30T08:08:25.487000Z,2640.0,83.47405796,27.333481140000004
2017-07-30T08:08:25.487000Z,2640.0,83.64195196,24.50831731000001
2017-07-30T08:08:25.487000Z,2640.0,83.65195196,24.531481140000004
2017-07-30T08:08:56.668000Z,2640.0,82.14841192000002,29.44019614
2017-07-30T08:08:56.668000Z,2640.0,82.12841192,24.22999414
2017-07-30T08:08:56.668000Z,2640.0,82.25051792000001,22.54647818000001
2017-07-30T08:08:56.668000Z,2640.0,82.22051791999999,22.44764201
2017-07-30T08:09:27.955000Z,2639.99,82.34051792,26.160744010000002
2017-07-30T08:09:27.955000Z,2639.99,82.33051792,26.354126180000012
2017-07-30T08:09:27.955000Z,2639.99,82.33051792,31.000290009999997
2017-07-30T08:09:59.351000Z,2640.0,80.79341192,26.988385009999995
2017-07-30T08:10:08.973000Z,2640.0,80.79341192,26.15338501
2017-07-30T08:10:20.493000Z,2640.0,80.74903574,30.484021180000006
2017-07-30T08:10:20.493000Z,2640.0,80.74903574,30.601263009999997
2017-07-30T08:10:20.493000Z,2640.0,80.74903574,31.761263009999997
2017-07-30T08:10:20.493000Z,2640.0,80.84114174,23.542810640000006
2017-07-30T08:10:20.493000Z,2640.0,82.85114173999999,25.77775801
2017-07-30T08:10:20.493000Z,2640.0,82.90804174000002,24.75275801
2017-07-30T08:10:20.493000Z,2640.0,83.87804174000001,30.337758009999998
2017-07-30T08:10:20.493000Z,2640.0,82.82114173999999,20.257450009999992
2017-07-30T08:10:20.493000Z,2640.0,80.83114173999999,30.40959714
2017-07-30T08:10:20.493000Z,2640.0,80.85114174,25.714597140000002
2017-07-30T08:12:04.147000Z,2640.0,80.79274174,31.04819714
2017-07-30T08:12:15.133000Z,2640.0,82.77274174,26.50559714
2017-07-30T08:12:15.133000Z,2640.0,82.78964174000001,26.442433310000006
2017-07-30T08:12:35.521000Z,2640.0,81.13424174000001,34.00538913999999
2017-07-30T08:12:35.521000Z,2640.0,81.26523574,25.287989139999997
2017-07-30T08:12:35.521000Z,2640.0,81.08734174,16.57533714
2017-07-30T08:13:06.878000Z,2639.99,81.08734174,16.475337139999997
2017-07-30T08:13:08.188000Z,2640.0,81.08414174,15.613041139999996
2017-07-30T08:13:08.188000Z,2640.0,81.00734174,13.667438139999996
2017-07-30T08:13:35.914000Z,2640.0,80.89734174000002,14.833672139999994
2017-07-30T08:13:38.096000Z,2640.0,81.00144174,19.23536014
2017-07-30T08:13:38.096000Z,2640.0,80.85253574,21.386560139999997
2017-07-30T08:13:38.096000Z,2640.0,80.95464174,14.853354139999995
2017-07-30T08:14:09.548000Z,2639.97,81.72043574,21.22648056
2017-07-30T08:14:09.548000Z,2639.97,74.0363335,21.90116739
2017-07-30T08:14:09.548000Z,2639.97,59.43611555,24.034408390000007
2017-07-30T08:14:40.684000Z,2638.3,81.00323574,23.681395390000002
2017-07-30T08:14:40.684000Z,2638.3,79.72473574,16.91816356
2017-07-30T08:14:40.684000Z,2638.3,79.74483574,26.312146390000002
2017-07-30T08:15:16.077000Z,2639.98,89.25605607,27.543771390000007
2017-07-30T08:15:16.077000Z,2639.98,78.84765607000001,23.91920039
2017-07-30T08:15:16.077000Z,2639.98,88.32875607000001,29.462799390000004
2017-07-30T08:15:43.952000Z,2640.0,77.52663532,22.821716659999996
2017-07-30T08:15:43.952000Z,2640.0,78.88542932,19.574443660000004
2017-07-30T08:15:43.952000Z,2640.0,78.92033531999999,21.481702020000007
2017-07-30T08:16:14.762000Z,2640.0,78.20742932,18.160366019999998
2017-07-30T08:16:14.762000Z,2640.0,76.96023532,30.938830020000005
2017-07-30T08:16:14.762000Z,2640.0,78.24642932,24.421058659999996
2017-07-30T08:16:45.867000Z,2640.0,78.21122932,22.98753002000001
2017-07-30T08:16:55.942000Z,2640.0,76.20055888,19.862944660000004
2017-07-30T08:16:55.942000Z,2640.0,68.5674187,25.76170239
2017-07-30T08:16:55.942000Z,2640.0,55.77070075000001,17.916034559999996
2017-07-30T08:17:17.855000Z,2639.99,77.45435888,21.326842390000003
2017-07-30T08:17:17.855000Z,2639.99,77.52746487999998,13.362500559999996
